3031 4640
2513 346 2593 409 17

411 520 872 601 praecedentes
919 519 1010 578 sic
1058 539 1126 579 se
1173 517 1482 599 appellari
1530 518 1630 580 vel
1678 519 2004 580 iussissent
2048 519 2150 580 vel
2181 519 2354 600 passi
2386 530 2598 581 essent

411 624 503 704 (cf.
553 644 663 705 pg.
720 622 799 685 16
847 623 992 697 adn.
1049 622 1124 683 17
1175 631 1240 683 et
1289 620 1406 700 18).

574 728 911 808 Ipsiusque
973 725 1284 787 Martialis
1359 725 1561 787 verba
1606 725 1670 787 X
1732 723 1859 787 723
1917 726 2206 786 dicturus
2268 726 2596 788 dominum
2687 708 2690 711 ¹

404 833 718 912 deumque
762 851 882 891 non
928 850 1069 891 sum
1117 850 1176 910 q.
1227 850 1319 909 sq.
1371 849 1633 910 prorsus
1680 829 2010 890 evidenter
2055 849 2204 890 cum
2252 831 2597 892 ostendant

407 945 473 998 et
541 935 661 1016 ipsi
730 942 966 1016 poetae
1033 933 1189 994 satis
1257 933 1527 994 invisam
1594 932 1787 994 fuisse
1843 934 2030 995 istam
2093 933 2596 1015 appellationem

408 1060 601 1122 quam
662 1049 1031 1117 temporum
1096 1037 1296 1098 modo
1362 1037 1856 1117 praeteritorum
1925 1037 2264 1099 atrocitate
2333 1047 2599 1100 coactus

406 1165 535 1206 non
581 1143 807 1205 debuit
865 1140 1182 1219 omittere,
1246 1140 1432 1213 facile
1492 1138 1612 1201 tibi
1674 1138 2090 1220 persuadebis
2147 1161 2276 1202 non
2321 1141 2411 1201 sic
2457 1161 2598 1203 esse

409 1250 744 1309 invocatos
811 1266 849 1307 a
912 1244 1208 1305 Martiale
1266 1244 1743 1325 Vespasianum
1807 1244 2161 1324 Titumque
2217 1245 2596 1325 praesertim

412 1371 561 1412 cum
623 1358 963 1430 utrumque
1023 1370 1062 1410 a
1119 1349 1229 1410 tali
1290 1347 1571 1409 ludibrio
1630 1347 2037 1409 abhorruisse
2093 1358 2158 1411 et
2212 1348 2596 1430 Vespasiani

416 1453 785 1515 moribundi
846 1462 1158 1515 testentur
1210 1450 1411 1513 verba
1472 1472 1588 1532 per
1649 1452 1920 1513 ironiam
1977 1453 2153 1515 dicta
2214 1452 2318 1532 (de
2364 1452 2598 1533 quibus

417 1556 495 1617 cf.
569 1554 742 1618 Suet.
814 1577 865 1618 e.
936 1557 1017 1619 23
1103 1565 1265 1617 extr.
1349 1556 1583 1616 Prima
1649 1577 1886 1635 quoque
1968 1558 2178 1618 morbi
2249 1558 2601 1619 accessione

400 1660 618 1734 ‘,.U?·‘,
684 1662 898 1742 inquit,
969 1670 1159 1740 ..pulo
1220 1660 1374 1720 deus
1416 1660 1560 1741 fier·
1637 1669 1702 1719 et
1760 1659 1952 1721 Dion.
2013 1659 2236 1722 LXVI
2287 1660 2363 1723 17
2421 1660 2597 1735 ,,θεὸς

410 1759 523 1847 ἤδη
571 1763 952 1849 γενήσομαϋί)
1000 1774 1066 1826 et
1090 1764 1224 1825 Titi
1273 1782 1485 1825 mores
1532 1783 1570 1824 a
1611 1761 1787 1824 Suet.
1839 1764 2173 1843 descripti:
2231 1764 2597 1827 Martialem

407 1870 602 1949 igitur
648 1889 797 1931 cum
846 1868 1000 1930 nihil
1048 1868 1162 1929 tali
1210 1867 1580 1930 adulatione
1628 1866 2069 1947 profecturum
2102 1886 2170 1927 se
2202 1888 2341 1929 esse
2374 1879 2598 1948 aperte

408 1975 597 2035 sciret
643 1992 986 2053 usurpasse
1033 1992 1176 2033 earn
1225 1970 1423 2033 nihilo
1468 1971 1676 2032 secius
1723 1990 1917 2031 nemo
1964 1972 2131 2032 serio
2177 1973 2418 2034 credet.

577 2076 820 2137 Plinius
904 2076 1180 2156 denique
1267 2076 1381 2136 vix
1468 2085 1606 2135 tam
1710 2075 2016 2136 atrociter
2116 2076 2598 2156 perstrinxisset

409 2180 768 2242 Domitiani
844 2178 1011 2241 illud.
1079 2179 1468 2240 desiderium
1543 2180 1596 2241 si
1674 2180 1919 2260 priores
2006 2180 2282 2241 eundem
2375 2181 2439 2242 in
2527 2200 2598 2243 se

410 2283 722 2346 honorem
771 2284 1034 2364 congeri
1081 2282 1183 2346 vel
1226 2248 1577 2348 voluissent
1607 2283 1709 2346 vel
1741 2283 1911 2364 passi
1945 2282 2252 2361 essentffl)
2316 2283 2598 2347 Videtur

406 2388 604 2468 igitur
648 2389 798 2449 inde
845 2388 1182 2450 aNeronis
1228 2390 1716 2468 sequentiumve
1760 2388 2126 2469 principum
2175 2410 2337 2451 aevo
2383 2391 2600 2471 appel-

408 2491 569 2552 latio
615 2491 722 2553 illa
767 2493 1076 2573 paulatim
1141 2512 1280 2554 esse
1327 2512 1620 2573 repressa
1680 2527 1764 2534 --
1821 2492 1909 2553 ita
1972 2501 2042 2553 ut
2099 2494 2333 2554 mirum
2393 2493 2597 2555 videri

408 2603 684 2674 nequeat
730 2597 904 2675 quod
953 2597 1127 2677 apud
1176 2596 1428 2657 illorum
1461 2605 1829 2676 temporum
1861 2597 2207 2677 scriptores
2237 2607 2598 2678 poetasque

408 2696 584 2758 nulla
642 2709 897 2761 exstent
959 2701 1103 2784 talis
1151 2699 1604 2781 appellationis
1648 2700 1923 2779 vestigia
1988 2735 2068 2742 ——
2130 2722 2169 2761 a
2215 2701 2598 2764 Domitiano

405 2821 563 2863 vero
607 2803 896 2884 principe
940 2803 1197 2865 vesania
1246 2802 1581 2883 Caligulae
1627 2803 1953 2865 simillimo
2000 2805 2453 2884 redintegrata.
2477 2803 2552 2884 ⁶²⁰)

583 3059 647 3126 19)
685 3061 760 3115 Cf.
801 3075 984 3126 paneg.
1025 3065 1055 3124 ,ξ
1096 3065 1127 3113 2
1166 3060 1461 3129 Nusquam
1498 3067 1564 3114 ut
1600 3062 1713 3127 dec,
1769 3079 2047 3130 nusquam
2082 3068 2145 3115 ut
2180 3064 2399 3116 numiui
2437 3063 2598 3117 blau-
2628 3050 2631 3054 ’

411 3148 834 3201 diamur:,u0u
886 3148 1030 3198 enim
1067 3146 1133 3198 de
1182 3152 1424 3211 tyranno
1460 3148 1555 3202 sed
1591 3148 1657 3201 de
1693 3149 1827 3214 cive,
1877 3164 1991 3201 uon
2026 3148 2092 3202 de
2140 3149 2360 3202 domino
2396 3151 2491 3203 sed
2528 3151 2597 3204 de

403 3240 635 3300 parente
674 3234 962 3300 loquimur.
1053 3235 1084 3297 ξ
1121 3235 1188 3288 49
1227 3233 1487 3301 lonyeque
1525 3240 1659 3286 tunc
1694 3235 1781 3287 illi
1815 3235 2087 3289 divinitas
2121 3251 2245 3288 sua.
2321 3237 2354 3302 ξ
2394 3240 2462 3292 78
2524 3237 2596 3291 Ut

411 3324 547 3373 enim
583 3326 884 3373 ceterorum
919 3319 1199 3371 homiuum
1235 3321 1320 3372 ita
1356 3321 1676 3385 principum
1718 3321 1941 3374 illorum
1990 3323 2156 3375 etiam
2206 3324 2307 3389 qui
2357 3323 2440 3396 dii
2486 3324 2596 3377 sibi

407 3407 665 3461 videntur
703 3422 896 3458 aevum
932 3420 1087 3456 omne
1124 3410 1174 3457 et
1212 3404 1367 3458 breve
1404 3412 1454 3457 et
1487 3405 1694 3473 fragile
1729 3414 1823 3463 est.

584 3491 648 3558 ⁶²⁰)
689 3488 1080 3555 Contemplanti
1131 3489 1267 3542 mihi
1316 3507 1396 3558 cp.
1451 3496 1512 3548 17
1565 3510 1617 3544 v.
1655 3497 1689 3548 4
1737 3492 2095 3547 adulationem
2141 3511 2264 3562 prae
2314 3511 2371 3547 se
2420 3495 2595 3548 ferens

402 3578 540 3630 mire
576 3577 836 3629 rusticam
872 3575 1345 3643 impudentemque
1382 3577 1440 3628 in
1475 3579 1711 3629 montem
1764 3579 1990 3632 redeunt
2038 3596 2229 3634 versus
2277 3580 2360 3633 illi
2398 3580 2590 3635 Iuven.

401 3662 482 3716 IV
525 3668 592 3719 65
630 3678 708 3730 sq.
782 3661 1028 3715 Piscator
1074 3662 1188 3717 illic
1226 3662 1421 3716 Picens
1458 3663 1765 3717 Domitiano
1814 3666 2097 3719 rhombum
2145 3667 2438 3720 donaturus
2488 3667 2593 3720 im-

405 3763 624 3800 manem
660 3750 814 3803 modo
852 3752 1066 3817 captum
1101 3750 1252 3803 hisce
1290 3750 1494 3818 piscem
1533 3751 1756 3818 porrigit
1791 3751 1973 3806 verbis
2008 3752 2380 3807 adulantibus:

774 3849 779 3853 ’
1728 3840 1967 3905 „Accipe
2003 3870 2070 3877 —

720 3924 973 3977 Privatis
1010 3928 1230 3979 maiora
1265 3925 1438 3990 focis:
1473 3927 1715 3994 yeuialis
1754 3931 1962 3993 ayatur

723 4011 833 4061 Iste
868 4010 1021 4063 dies.-
1056 4024 1302 4075 propera
1337 4013 1675 4066 stomachum
1713 4013 1908 4066 laxare
1942 4016 2170 4080 sayz'uiS,

689 4095 798 4148 .Et
834 4102 937 4149 tua
973 4102 1251 4150 servatum
1287 4113 1542 4151 consume
1577 4100 1638 4150 iu
1675 4099 1900 4152 saecula
1937 4100 2234 4165 rhombum,

718 4180 882 4246 Ipse
917 4186 1083 4248 capi
1118 4184 1411 4238 voluit“.
