3031 4640
433 358 518 421 56

434 533 667 614 quibus
703 531 779 595 cf.
811 533 1047 595 Friedl.
1091 535 1190 595 ed.
1234 533 1297 596 11
1336 553 1444 615 pg.
1480 532 1613 596 295
1637 535 1779 615 sq),
1820 533 1908 595 ita
1949 544 2018 596 ut
2053 534 2380 615 utriusque
2418 532 2618 595 libelli

435 630 709 699 disticha
753 638 1182 719 complurium
1230 636 1415 698 facile
1460 657 1774 698 annorum
1820 638 2100 724 spatium
2155 639 2624 719 comprendere

433 741 700 821 possint.

605 845 938 926 Prospere,
1009 845 1061 906 si
1107 864 1329 906 verum
1374 844 1587 918 video,
1648 865 1816 925 quae
1863 847 2064 908 modo
2110 846 2383 927 exposui
2431 845 2616 907 Birtii

338 960 341 961 ’
430 948 768 1010 firmantur
811 947 1367 1010 observationibus
1399 947 1683 1010 metricis
1715 949 1778 1010 in
1810 951 1909 1012 ed.
1939 949 1994 1010 F
2000 950 2179 1012 riedl.
2208 950 2238 1013 1
2270 969 2378 1031 pg.
2404 948 2492 1012 30
2522 969 2616 1030 sq.

437 1052 539 1129 (cf.
603 1073 711 1134 pg.
763 1052 847 1115 32
901 1073 1031 1133 sq.;
1090 1072 1199 1133 pg.
1248 1050 1449 1133 48s49
1513 1052 1935 1117 exstantibus,
2053 1053 2386 1116 Eximiam'
2444 1054 2616 1114 enim

435 1156 609 1218 illam
715 1177 934 1218 curam
1055 1156 1583 1237 diligentiamque
1688 1178 1880 1237 quam
1992 1158 2319 1240 utriusque
2423 1156 2622 1219 libelli

436 1260 727 1323 distichis
754 1246 762 1255 ’
793 1261 1262 1342 componendis
1329 1268 1595 1341 poetam
1656 1260 2027 1325 adhibuisse
2089 1264 2153 1326 in
2215 1272 2442 1344 aperto
2500 1270 2620 1335 est,
2669 1342 2673 1349 ῃ

434 1364 824 1446 perpolitam
870 1365 1046 1427 illam
1093 1365 1381 1427 omnium
1427 1365 1630 1445 epigr.
1681 1364 2067 1447 elegantiam
2125 1368 2274 1429 inde
2322 1366 2624 1428 nimirum

438 1470 890 1531 deducendam
982 1488 1111 1530 non
1199 1468 1513 1530 habemus
1604 1470 1712 1550 qui
1803 1480 1954 1551 apte
2029 1468 2462 1552 explicemus
2503 1469 2621 1531 nisi

435 1574 779 1636 statuendo
847 1572 1212 1635 Martialem
1283 1573 1652 1654 complures
1718 1573 1782 1634 in
1850 1574 2184 1637 minimum
2267 1593 2469 1636 annos
2552 1581 2626 1634 ut

437 1678 665 1740 ambos
713 1678 854 1739 illos
899 1677 1152 1740 libellos
1198 1676 1563 1739 absolveret
1608 1678 2098 1759 consumpsisse.

1274 1905 1612 1977 CAPUT
1671 1905 1785 1975 III.

498 2049 630 2128 De
714 2045 1221 2157 quibusdam
1307 2048 1938 2157 epigrammatis
2024 2075 2196 2130 non
2261 2048 2562 2130 eodem

498 2218 877 2312 tempore
969 2229 1142 2312 quo
1237 2214 1509 2283 cetera
1608 2201 2006 2284 librorum
2090 2207 2172 2286 in
2254 2204 2587 2315 quibus*

835 2371 1167 2440 exstant
1230 2360 1653 2468 poematia
1716 2362 2225 2469 compositis

612 2529 991 2609 Priusquam
1038 2527 1270 2608 quibus
1316 2528 1720 2607 temporibus
1779 2529 2010 2609 singuli
2069 2529 2213 2590 libri
2271 2530 2440 2593 foras
2500 2530 2629 2593 sint

438 2635 612 2696 missi
682 2640 982 2694 accurate
1050 2630 1512 2704 examinemuS,
1586 2632 1650 2692 in
1718 2633 2079 2694 universum
2151 2634 2438 2695 omnium
2498 2632 2625 2696 XII

437 2739 747 2811 librorum
793 2736 994 2816 epigr.
1031 2745 1381 2815 conspectu
1428 2754 1670 2815 quaeso
1717 2736 2186 2817 amplectamur
2221 2736 2634 2818 ‘disquisituri

439 2854 650 2905 utrum
710 2841 927 2912 omnia
983 2839 1167 2900 unius
1226 2839 1533 2918 cuiusque
1594 2838 1791 2946 libelli
1850 2851 2155 2922 poemata
2212 2841 2443 2902 eodem
2492 2860 2630 2920 quo

439 2957 585 3009 sunt
661 2945 1029 3024 conscripta
1102 2953 1396 3023 tempore
1469 2943 1596 3004 sint
1670 2943 1972 3024 evulgata
2047 2965 2264 3006 necne.
2404 2941 2627 3023 Quam

440 3051 881 3132 quaestionem
950 3048 1001 3109 si
1070 3066 1531 3128 persequemur
1614 3067 1774 3108 mox
1857 3048 1921 3108 in
1989 3048 2345 3130 compluria
2414 3048 2602 3129 epigr

439 3158 834 3217 incurremus
878 3151 1033 3214 talia
1078 3170 1243 3233 quae
1290 3169 1438 3211 cum
1484 3160 1847 3212 ceterorum
1893 3151 2185 3213 eiusdem
2230 3152 2373 3213 libri
2419 3152 2622 3233 epigr.

441 3260 665 3321 ordine
710 3259 879 3319 adeo
924 3275 1052 3316 non
1097 3253 1499 3315 consentiant
1544 3264 1614 3315 ut
1658 3255 1872 3336 priore
1903 3257 2118 3337 potius
2149 3257 2275 3318 alia
2304 3275 2392 3318 ex
2420 3266 2628 3336 parte,

441 3364 566 3425 alia
621 3384 707 3424 ex
762 3370 946 3442 parte
1004 3358 1360 3440 posteriore
1420 3366 1713 3438 tempore
1773 3361 2013 3442 scripta
2070 3380 2209 3423 esse
2265 3361 2621 3450 videantur.

444 3465 974 3547 Contemplemur
1019 3464 1242 3545 igitur:

1508 3587 1565 3649 1.

442 3694 998 3790 Epigrammata
1055 3716 1144 3763 ea
1200 3717 1389 3787 quae
1443 3692 1804 3788 prioribus
1871 3692 2012 3764 iam
2067 3694 2275 3764 annis
2331 3692 2628 3787 scripta,

440 3816 624 3887 hanc
704 3840 882 3886 vero
964 3811 1249 3886 illamve
1329 3814 1427 3885 ob
1510 3837 1802 3885 causam
1868 3828 2177 3898 retenta,
2260 3813 2632 3909 posterius

1084 3935 1373 4008 demum
1431 3936 1574 4007 sint
1632 3934 1997 4033 evulgata.

614 4073 765 4135 Non
810 4072 1081 4135 multum
1129 4093 1244 4135 nos
1292 4072 1649 4134 morabitur
1684 4074 1861 4153 prior
1891 4073 2280 4154 quaestionis
2310 4070 2631 4134 ineundae

441 4194 619 4249 pars:
692 4176 1235 4255 epigrammatum
1305 4176 1475 4236 enim
1538 4176 1663 4237 huc
1724 4176 2176 4257 pertinentium
2246 4178 2328 4238 de
2394 4176 2631 4258 quibus
