3031 4640
34 4421 71 4602 r—ffiffi„
34 4259 37 4260 ,

2524 364 2612 428 29

598 533 835 596 Mirum
875 535 937 596 in
977 535 1179 616 epigr.
1218 535 1437 597 libello
1477 555 1673 596 unum
1714 535 1871 597 illud
1907 538 2161 599 videtur
2199 540 2375 619 quod
2412 549 2610 619 poeta

421 657 739 718 nusquam
787 658 865 699 ne
909 638 1111 701 verbo
1157 640 1422 720 quidem
1468 660 1721 721 pugnas
1766 661 1884 703 nec
1932 662 2163 722 gruum
2226 662 2343 703 nec
2404 644 2610 723 pumi-

420 741 664 802 lionum
711 741 997 823 tetigerit
1043 763 1190 804 cum
1226 742 1310 804 ab
1350 743 1651 806 omnibus
1692 743 1823 806 fere
1861 746 2235 825 aequalibus
2272 756 2606 828 tamquam

420 844 746 906 mirabiles
792 856 1382 909 commemorentur
1428 848 1527 927 (cf.
1576 849 1658 908 de
1690 847 1886 909 Dom.
1919 849 2110 910 Dion.
2162 848 2409 911 LXVII
2456 850 2495 914 8
2542 860 2612 912 et

424 945 587 1010 Stat.
647 948 783 1010 silv.
834 949 863 1010 Ι
909 948 1169 1029 657443
1237 952 1319 1012 de
1378 951 1535 1014 Tito
1596 952 1787 1014 Dion.
1855 950 2071 1013 LXVI
2133 973 2186 1014 e.
2235 953 2364 1036 25).
2466 955 2610 1017 Nec

418 1054 485 1113 in
524 1054 754 1115 ceteris
793 1053 1024 1115 libellis
1063 1074 1335 1135 usquam
1374 1055 1694 1117 eiusmodi
1728 1076 1981 1135 pugnas
2025 1057 2108 1117 ab
2133 1077 2213 1118 eo
2246 1057 2609 1121 celebratas

418 1157 703 1219 invenies
724 1181 738 1236 ς
778 1178 864 1219 ex
889 1177 1017 1218 uno
1042 1166 1294 1219 tantum
1318 1157 1461 1219 libri
1489 1156 1647 1218 XIV
1672 1178 1771 1239 ep.
1799 1158 1926 1221 213
1952 1159 2125 1222 clare
2149 1164 2611 1242 cognoscimus

330 1324 337 1333 ,
419 1282 549 1322 non
594 1281 855 1342 prorsus
900 1261 1157 1341 ignotas
1203 1262 1260 1323 ei
1308 1261 1501 1323 fuisse
1547 1262 1708 1324 tales
1754 1283 2023 1344 pugnas,
2104 1343 2110 1347 -

590 1364 921 1427 Accurate
968 1365 1164 1446 igitur
1220 1367 1609 1427 examinatis
1671 1367 1915 1428 ratione
1972 1387 2049 1428 ac
2110 1379 2337 1432 natura
2393 1371 2608 1451 singu·

416 1468 626 1531 lorum
671 1469 816 1531 libri
864 1469 1045 1531 istius
1101 1470 1302 1550 epigr.
1347 1471 1684 1532 videamus
1740 1490 1985 1551 quaeso
2042 1472 2198 1551 quid
2262 1475 2362 1534 de·
2406 1475 2610 1536 totius

418 1572 618 1633 libelli
666 1573 912 1634 ratione
959 1573 1489 1654 temporibusque
1538 1574 1954 1636 iudicandum
2000 1575 2098 1636 sit.
2180 1582 2185 1590 '

592 1674 891 1738 Vidimus
982 1677 1045 1737 in
1138 1675 1359 1738 libello
1437 1688 1697 1739 exstare
1778 1679 2253 1759 epigrammata
2333 1689 2398 1742 et
2466 1681 2602 1743 Titi

416 1789 711 1860 tempore
756 1789 821 1841 et
846 1780 1204 1841 Domitiani
1253 1782 1634 1861 composita,
1683 1802 1718 1841 e
1765 1783 1998 1863 quibus
2046 1785 2252 1847 maior
2296 1803 2447 1865 pars
2481 1784 2606 1849 sub

417 1883 798 1945 Domitiano
824 1880 1088 1946 de'mum
1115 1892 1257 1945 orta
1280 1897 1418 1946 esse
1441 1885 1752 1947 videatur.
1836 1885 2296 1966 Quaerendum
2321 1887 2601 1967 primum

418 2007 700 2068 quonam
777 2000 1074 2067 tempore
1133 1986 1413 2049 Martiali
1484 1992 1934 2069 opportunitas
1997 1993 2150 2054 data
2218 1991 2299 2053 sit
2366 1992 2601 2056 edendi

416 2091 633 2152 libelli.
705 2091 892 2153 Eone
939 2101 1232 2171 ternpore
1264 2112 1395 2171 quo
1419 2091 1608 2154 Titus
1654 2094 2201 2174 amphitheatrum
2249 2096 2603 2172 dedicaret,

415 2194 503 2257 ita
587 2205 657 2256 ut
734 2196 1208 2276 epigrammata
1288 2197 1372 2256 ad
1449 2196 1808 2258 Domitiani
1896 2219 2159 2261 munera
2238 2201 2600 2281 spectantia

413 2307 642 2379 postea
702 2299 1077 2362 intercalata
1133 2297 1294 2361 sint?
1394 2297 1528 2362 Sed
1590 2309 1727 2362 turn
1789 2303 2142 2383 permirum
2219 2314 2387 2367 esset
2463 2314 2599 2367 tam

412 2423 620 2484 pauca
689 2402 889 2484 epigr.
960 2404 1093 2466 Titi
1162 2403 1539 2484 spectacula
1607 2406 2002 2467 celebrantia
2069 2409 2275 2471 inesse
2317 2409 2602 2490 -libello;

415 2508 718 2588 idemque
763 2508 977 2569 valere
1024 2507 1180 2568 mihi
1225 2507 1498 2582 videtur,
1564 2509 1616 2569 si
1666 2509 1720 2570 F
1728 2510 2151 2594 riedlaenderi
2213 2513 2598 2574 sententiam

412 2612 615 2673 secuti
663 2612 760 2690 (cf.
802 2611 946 2673 hist.
989 2631 1146 2673 mor.
1176 2611 1310 2673 111⁵
1352 2632 1463 2692 pg.
1491 2613 1657 2692 4253
1705 2615 1804 2674 ed.
1855 2614 1883 2676 1
1928 2615 2211 2695 pg.137)
2256 2616 2606 2678 statuimus

411 2725 723 2797 excerpta
769 2736 908 2777 esse
955 2735 1119 2796 quae
1165 2715 1352 2776 nobis
1409 2718 1646 2778 tradita
1706 2727 1852 2779 sunt
1908 2719 2192 2780 carmina
2251 2739 2338 2780 ex
2398 2719 2598 2781 altera

412 2821 713 2883 editione.
807 2819 921 2881 An
979 2829 1136 2893 tum,
1203 2839 1352 2880 cum
1400 2819 1814 2882 Domitianus
1860 2821 2168 2902 triumphi
2217 2823 2297 2884 de
2346 2821 2602 2884 Chattis

412 2924 717 2986 efferendi
776 2924 986 3004 gratia
1043 2943 1307 2985 munera
1336 2923 1628 2985 ederet?
1722 2922 1853 2986 Sed
1922 2926 2038 2986 etsi
2108 2926 2596 3005 expeditionem

412 3028 585 3089 illam
665 3048 835 3089 anno
914 3028 1180 3088 demum
1252 3026 1337 3089 84
1414 3037 1783 3107 susceptam
1864 3047 2003 3089 esse
2072 3029 2597 3104 concederem'uS,

411 3250 468 3303 in
522 3251 604 3303 ed.
665 3249 694 3303 I
753 3265 838 3317 pg.
894 3249 1031 3316 161).
1119 3249 1383 3317 Opinabar
1436 3251 1606 3317 igitur
1658 3248 1942 3315 aliquando
1996 3265 2077 3316 ep.
2131 3249 2161 3301 I
2215 3255 2263 3315 5,
2319 3250 2384 3303 de
2437 3251 2596 3304 cuius

410 3337 717 3405 integritate
776 3336 979 3389 idcirco
1040 3335 1273 3388 dubitari
1325 3338 1498 3403 potest
1548 3336 1673 3404 quia
1725 3350 1991 3402 nusquam
2043 3336 2306 3390 Martialis
2360 3337 2597 3390 similem

412 3440 492 3492 ep.
530 3426 751 3478 formam
788 3422 1074 3490 usurpavit
1111 3422 1196 3489 (cf.
1235 3421 1429 3476 Friedl.
1468 3423 1586 3475 adn.
1626 3422 1691 3474 ad
1717 3421 1833 3491 15),
1871 3422 2221 3476 coniunctum
2259 3422 2388 3476 olim
2423 3423 2598 3477 fuisse

411 3528 534 3565 cum
571 3528 653 3579 ep.
689 3511 785 3565 illo
823 3515 888 3568 32
926 3510 1071 3562 hunc
1107 3509 1166 3560 in
1202 3508 1447 3561 modum:

449 3598 665 3651 Caesar:
720 3598 831 3664 ,Do
868 3598 969 3651 tibi
1004 3597 1418 3661 naumachiam,
1459 3602 1523 3650 ta
1560 3596 1663 3649 das
1700 3598 2104 3664 epiyrammata
2139 3597 2297 3650 nobis
2318 3616 2335 3649 :

840 3685 952 3750 Vis,
990 3690 1143 3749 puto,
1183 3701 1303 3736 cum
1343 3683 1498 3748 libre,
1537 3684 1748 3749 Marce,
1785 3690 1989 3737 ‘natare
2024 3685 2151 3738 tuo‘.

484 3772 665 3838 poeta:
719 3770 856 3837 „Da
892 3772 1112 3824 veniam
1146 3769 1380 3823 subitis.-
1415 3786 1530 3822 ‘non
1560 3769 1906 3834 displicuisse
1942 3777 2178 3824 meretur

832 3857 1110 3922 Festinat,
1156 3855 1384 3921 Caesar,
1424 3859 1518 3923 qui
1553 3856 1830 3920 placuisse
1867 3856 2001 3909 tibi“
2042 3886 2108 3893 —-

413 3944 706 4012 posteriore
743 3958 869 3996 vero
907 3944 1142 4008 tempore
1178 3942 1361 3994 nescio
1400 3957 1505 4008 quo
1543 3957 1672 3994 casu
1709 3940 2015 3993 seiunctum
2050 3942 2108 3993 in
2143 3941 2343 3995 librum
2378 3942 2408 3994 I
2442 3942 2597 3995 aber-

410 4046 572 4084 rasse.
647 4029 898 4082 Alternos
935 4028 1066 4081 tales
1105 4043 1376 4081 sermones
1414 4026 1714 4080 Martialem
1752 4029 1968 4094 saepius
2015 4028 2240 4081 finxisse
2287 4027 2419 4081 satis
2465 4028 2593 4081 scis,

410 4116 541 4171 Veri
576 4118 754 4168 tamen
792 4114 1030 4168 similius
1067 4115 1202 4166 mihi
1238 4130 1382 4167 nunc
1412 4115 1632 4167 videtur
1666 4128 1746 4180 ep.
1769 4117 1834 4171 32
1871 4112 2125 4166 ultimum
2162 4128 2281 4166 esse
2318 4113 2596 4167 distichon

410 4202 665 4257 carminis
705 4202 857 4254 illius
895 4218 1000 4269 quo
1036 4200 1297 4255 Martialis
1333 4202 1499 4269 epigr.
1537 4199 1779 4256 libellum
1814 4199 2123 4253 Domitiano
2159 4198 2451 4251 dedicabat.
