3031 4640
415 357 505 420 30

415 531 782 616 triumph-us
844 551 1004 613 ergo
1065 541 1247 592 actus
1305 539 1474 592 esset
1532 531 1843 593 extremis
1913 532 2060 592 anni
2109 530 2191 592 84
2263 529 2608 602 mensibuS‚

418 637 513 698 ita
579 645 650 698 ut
707 655 807 716 ep.
877 635 912 698 7
984 635 1131 698 anni
1201 635 1328 696 iam
1399 634 1485 697 84
1553 644 1907 697 auctumno
1974 635 2414 715 conscriptum
2484 652 2612 695 non

422 739 890 820 impedimento
935 747 1121 813 esset,
1182 747 1400 800 tamen
1446 738 1871 800 reclamarent
1916 758 2082 819 quae
2107 737 2505 819 pg.16—-24
2530 737 2613 798 de

416 864 520 924 ep.
577 843 651 905 17
702 852 769 904 et
813 843 898 906 20
941 842 1290 905 attulimus,
1360 842 1619 904 Deinde
1665 862 1982 922 quaenam
2031 843 2195 917 ratio
2242 851 2379 903 tum
2428 842 2611 904 inter-

417 947 682 1010 cederet
752 947 916 1010 inter
985 947 1505 1027 epigrammaton
1588 946 1788 1009 libelli
1871 945 2158 1008 carmina
2237 945 2516 1028 librique
2585 946 2613 1007 I

416 1051 710 1114 eiusdem
774 1060 965 1113 notae
1026 1069 1125 1130 ep.
1174 1049 1236 1112 5.
1287 1050 1344 1111 6.
1397 1050 1496 1111 14.
1550 1051 1650 1112 21.
1701 1050 1802 1112 22.
1852 1050 1955 1112 44.
2003 1047 2106 1111 48.
2156 1047 2258 1111 51.
2311 1049 2411 1113 60.
2466 1050 2608 1124 104,

418 1176 587 1236 quae
626 1164 691 1217 et
728 1156 868 1236 ipsa
905 1154 988 1216 ad
1015 1156 1244 1216 eadem
1286 1175 1552 1217 munera
1586 1164 1880 1235 spectare
1904 1152 2243 1216 videntur?
2290 1154 2612 1216 Eandem-

424 1281 554 1340 que
614 1259 1059 1341 quaestionem
1121 1278 1528 1321 moveremus
1589 1269 1920 1341 oporteret
1981 1260 2032 1320 si
2092 1258 2234 1340 quis
2296 1260 2614 1339 respicere
2687 1302 2698 1317 .

417 1363 565 1426 libri
634 1363 800 1425 illius
867 1363 1342 1443 epigrammata
1397 1383 1660 1424 munera
1716 1363 2151 1445 expeditionis
2215 1361 2614 1425 Sarmaticae

418 1488 618 1549 causa
664 1468 840 1530 edita
883 1466 1107 1528 vellet:
1159 1467 1402 1547 quippe
1447 1487 1615 1548 quae
1662 1489 1739 1529 ea
1784 1467 2113 1529 celebrant
2159 1468 2443 1529 carmina
2484 1469 2611 1529 iam

424 1573 491 1634 in
534 1571 700 1633 fibro
746 1570 897 1632 vm
953 1580 1212 1632 exstare
1257 1571 1539 1632 vidimus
1598 1573 1678 1650 (v.
1730 1591 1839 1653 pg.
1901 1571 2021 1649 12),
2070 1590 2187 1632 nec
2236 1571 2366 1633 uno
2413 1573 2614 1634 modo
2715 1571 2723 1577 ’
2769 1546 2778 1559 ’

422 1674 708 1756 intellegi
755 1683 974 1756 potest
1018 1694 1133 1736 cur
1177 1674 1701 1754 epigrammaton
1740 1674 1939 1736 libelli
1964 1676 2291 1755 poematia
2326 1676 2614 1737 seiuncta

420 1779 552 1840 sint
608 1778 692 1839 ab
757 1777 895 1840 illis.
1005 1778 1272 1840 Prorsus
1342 1777 1528 1841 aliter
1596 1800 1696 1841 res
1763 1800 1831 1841 se
1902 1779 2140 1840 habere
2206 1778 2462 1840 videtur
2530 1781 2613 1842 de

426 1880 797 1944 muneribus
842 1884 927 1943 ad
974 1881 1374 1963 triumphum
1416 1883 1737 1945 Dacicum
1785 1882 2182 1945 efferendum
2229 1882 2451 1944 editis:
2503 1881 2612 1943 ubi

423 1987 595 2047 enim
657 1995 918 2047 exstant
977 1986 1041 2047 in
1087 1984 1399 2047 Martialis
1459 1986 1638 2049 libris
1697 1989 1983 2050 carmina
2040 1986 2123 2049 ad
2187 1985 2293 2047 illa
2351 2006 2616 2048 munera

420 2088 825 2171 spectantia?
882 2089 1030 2151 Noli
1059 2092 1428 2171 quaerendo
1454 2099 1712 2172 tempus
1735 2092 2048 2165 amittere,
2099 2110 2413 2172 nusquam
2461 2089 2617 2151 talia

424 2194 725 2255 invenies,
819 2191 918 2255 At
975 2194 1216 2256 dixerit
1260 2195 1613 2276 quispiam:
1679 2196 1967 2258 fortassis
2013 2195 2427 2258 Domitianus
2488 2214 2616 2255 non

412 2298 619 2361 tantis
665 2297 1036 2360 muneribus
1079 2298 1383 2360 victorias
1430 2298 1570 2361 illas
1597 2336 1678 2343 -—
1703 2322 1833 2382 quo
1879 2299 2068 2362 titulo
2105 2298 2386 2361 cladesa
2413 2299 2615 2365 Dacis

426 2411 732 2483 acceptas
807 2402 1133 2483 appellare
1192 2404 1495 2482 dignatus
1559 2414 1657 2465 est
1713 2441 1797 2448 --
1858 2404 2209 2466 celebravit
2277 2411 2348 2463 ut
2417 2403 2617 2484 digna

422 2508 796 2569 viderentur
820 2515 1054 2586 poetae
1078 2528 1246 2588 quae
1293 2509 1796 2570 concinerentur.
1883 2506 2057 2569 Cave
2106 2528 2183 2568 ne
2230 2506 2383 2568 talia
2431 2507 2615 2568 ratio-

425 2610 678 2671 cinatus
745 2611 809 2671 in
876 2631 1157 2674 errorem
1226 2610 1549 2674 delabare.
1658 2611 1915 2674 Scimus
1971 2620 2037 2682 et
2093 2630 2129 2671 e
2192 2611 2423 2672 Dionis
2484 2611 2617 2672 vita

976 2689 982 2704 l

428 2713 624 2775 Dom.
676 2712 924 2775 LXVII
971 2714 1010 2777 8
1058 2714 1155 2794 (cf.
1216 2735 1324 2795 pg.
1379 2715 1481 2789 12)
1544 2725 1611 2776 et
1670 2736 1706 2776 e
1753 2714 1943 2778 Statii
1991 2714 2126 2776 silv.
2174 2714 2263 2776 III
2302 2713 2619 2776 3¹¹S⁸q·1⁷⁰

430 2818 835 2879 deducamus
881 2838 1141 2880 necesse
1187 2827 1284 2879 est
1331 2839 1458 2880 non
1520 2820 1730 2880 minus
1786 2819 1987 2880 elatas
2044 2839 2184 2880 esse
2246 2817 2619 2880 muneribus

412 2920 792 3002 ‚magnificis
858 2922 1158 2984 victorias
1225 2922 1365 2984 illas
1426 2923 1707 2984 Dacicas
1766 2944 1962 3004 quam
2023 2933 2213 2986 antea
2262 2921 2614 2996 ChatticaS‚

427 3032 659 3106 postea
706 3023 1118 3088 Sarmaticas,
1224 3027 1363 3088 Nec
1438 3027 1648 3087 minus
1704 3026 1940 3089 Euseb.
2004 3029 2088 3089 ad
2149 3048 2203 3089 a.
2266 3026 2436 3089 2106
2511 3027 2617 3088 ad-

432 3137 612 3190 notat
658 3130 1106 3192 Domitianum
1168 3131 1250 3191 de
1297 3130 1496 3192 Dacis
1553 3140 1616 3193 et
1665 3130 2007 3193 Germanis
2027 3130 2104 3208 3⁸)
2164 3129 2613 3211 triumphasse.

428 3230 940 3313 Opportunitate
983 3254 1139 3295 vero
1184 3233 1296 3296 tali
1359 3235 1514 3296 data
1577 3235 1869 3297 omisisse
1915 3236 2365 3297 Domitianum
2429 3233 2619 3296 ludos

426 3337 623 3398 edere
690 3357 883 3400 nemo
953 3338 1184 3419 opinor
1248 3337 1368 3400 sibi
1438 3338 1871 3419 persuadebit.
1969 3337 2144 3419 Quin
2211 3338 2408 3400 etiam
2477 3338 2618 3418 ipse

316 3443 323 3454 '
431 3440 743 3503 Martialis
774 3442 1115 3524 aliquoties
1141 3441 1460 3503 Dacicum
1507 3463 1767 3524 quoque
1813 3442 2211 3523 triumphum
2259 3439 2620 3522 respexisse

426 3545 684 3607 videtur
729 3547 972 3627 quippe
1018 3545 1126 3627 qui
1174 3545 1380 3609 dicat:

518 3647 581 3708 V
618 3638 698 3711 19
747 3648 826 3712 Sz·
867 3670 996 3730 qua
1022 3649 1199 3733 fides
1242 3651 1440 3722 veris,
1476 3652 1849 3731 praeferri.
1901 3652 2186 3713 maxime
2238 3649 2503 3720 Caesar,

858 3753 1274 3833 Temporibus
1304 3764 1581 3833 possunt
1619 3755 1878 3818 saecula
1923 3756 2102 3817 nulla
2147 3756 2289 3816 tuiS.

750 3854 1020 3932 Quando
1064 3858 1280 3938 magt&
1313 3858 1543 3939 degrnos
1580 3858 1761 3920 licuit
1787 3868 2077 3937 spectare
2114 3858 2473 3937 triumphos
2488 3860 2521 3918 ,θ
2541 3855 2617 3935 39)

603 4025 668 4095 ³⁸)
706 4026 788 4081 Et
826 4026 1121 4080 Germanis
1156 4042 1252 4093 per
1286 4042 1517 4080 errorem
1552 4012 1799 4080 additum
1832 4029 1931 4080 est.

604 4112 669 4181 ³⁹)
709 4111 864 4165 Haud
904 4112 1087 4165 nescio
1122 4128 1234 4165 rem
1270 4112 1407 4165 mihi
1442 4113 1680 4166 futuram
1699 4129 1824 4166 oum
1842 4112 2039 4170 Friedl.
2063 4114 2300 4167 Hirschf.
2328 4114 2452 4167 aliis
2471 4131 2522 4166 v.
2546 4114 2618 4181 (1.,

473 4196 632 4265 uippe
671 4197 766 4266 qui
802 4199 923 4251 ante
959 4197 1295 4266 triumphum
1332 4196 1595 4252 Dacicum
1631 4199 1840 4252 editum
1876 4215 1995 4253 esse
2031 4200 2222 4255 libr.V
2259 4200 2447 4254 velint.
2515 4199 2623 4253 Sed
