3031 4640
476 336 563 398 42

652 508 819 589 Cum
866 508 979 570 eis
1045 528 1212 589 quae
1279 508 1613 589 hucusque
1688 508 2102 570 disseruimus
2179 516 2447 589 optume
2521 527 2668 569 con-

473 613 737 675 veniunt
781 632 860 673 ea
903 631 1070 692 quae
1115 611 1354 674 Friedl.
1400 612 1464 673 in
1508 631 1726 693 progr.
1775 611 2032 692 Regim.
2078 632 2134 674 a.
2176 608 2383 676 1862Ι
2437 631 2545 693 pg.
2586 610 2666 672 13

476 718 559 779 de
604 715 834 777 libellis
865 715 1021 777 XIII
1044 724 1110 777 et
1134 715 1298 777 XIV
1345 716 1805 797 disputaverat.
1879 713 2068 796 Quae
2114 716 2331 778 omnia
2374 715 2671 797 quamvis

476 822 540 882 in
594 820 738 882 hist.
802 840 961 882 mor.
1007 819 1142 881 111⁶
1200 840 1311 902 pg.
1369 816 1616 903 427s28
1677 820 1857 882 irrita
1914 839 2032 881 nec
2091 819 2670 900 argumentationis

475 926 673 987 instar
716 924 1020 986 habenda
1063 943 1204 986 esse
1250 923 1510 996 iudicet,
1561 931 1944 1004 argumenta
1989 934 2209 986 tamen
2254 923 2382 985 illic
2413 924 2668 1004 prolata

476 1030 727 1108 integra
750 1048 1078 1109 apponere
1123 1027 1358 1109 placet,
1408 1048 1557 1089 cum
1603 1036 1670 1089 et
1713 1047 1829 1109 per
1873 1048 1943 1089 se
1989 1028 2129 1108 ipsa
2174 1027 2348 1090 haud
2375 1028 2465 1089 ita
2486 1028 2670 1109 parvi

475 1132 786 1194 momenti
848 1151 990 1193 esse
1051 1132 1206 1194 mihi
1268 1131 1609 1193 videantur
1666 1140 1732 1194 et
1795 1131 1869 1192 iis
1929 1131 1981 1193 si
2046 1131 2202 1213 quid
2260 1133 2456 1194 video
2523 1152 2670 1193 con·

474 1236 807 1298 firmentur
863 1255 1029 1317 quae
1085 1244 1150 1298 et
1195 1236 1519 1318 prioribus
1582 1236 1710 1297 iam
1775 1235 1958 1298 attuli
2007 1235 2249 1297 chartis
2294 1245 2360 1296 et
2404 1254 2670 1315 sequen-

474 1338 646 1402 tibus
694 1360 853 1401 mox
898 1337 1244 1417 confidam.
1281 1418 1285 1423 .
1337 1339 1862 1421 Argumentatus
1910 1348 2049 1402 erat
2094 1339 2335 1402 Friedl.
2384 1339 2553 1400 hunc
2602 1339 2668 1399 in

476 1444 778 1506 modum:

650 1546 920 1609 Librum
989 1545 1173 1607 XIII
1219 1528 1339 1608 nou
1399 1549 1586 1628 longo
1644 1548 1987 1610 intervallo
2050 1570 2092 1609 a
2156 1546 2272 1610 IV
2320 1556 2670 1608 seiunctum

477 1672 614 1713 esse
659 1652 1071 1714 crediderim.
1128 1651 1312 1731 quod
1348 1662 1410 1713 et
1448 1652 1553 1715 liic
1596 1663 1659 1714 et
1697 1653 1808 1733 ille
1851 1674 1894 1713 a
1951 1651 2286 1734 Tryphone
2331 1650 2672 1731 bibliopola

473 1755 767 1817 venditus
834 1765 932 1816 est
991 1754 1037 1814 I
1045 1753 1107 1816 V
1160 1770 1266 1835 72.
1338 1755 1524 1816 XIII
1564 1776 1658 1834 3;
1748 1778 1890 1818 cum
1959 1757 2257 1837 primum
2341 1754 2672 1816 Secundus

481 1858 824 1937 (Atrectus)
905 1859 1274 1920 vmdiderit
1349 1859 1397 1918 J
1467 1878 1530 1931 2,
1618 1862 1955 1941 septimum
2023 1860 2361 1941 Pompeius
2428 1859 2672 1920 Auctus

493 1962 623 2025 VII
667 1980 762 2041 52
841 1984 930 2043 sq.
1017 2000 1021 2004 >
1065 1963 1155 2023 At
1210 1963 1476 2043 aliquod
1523 1965 1829 2044 temporis
1884 1966 2165 2045 spatium
2224 1965 2394 2026 inter
2451 1962 2567 2024 IV
2612 1974 2678 2025 et

476 2066 657 2128 XIII
692 2068 1065 2147 interfuisse
1109 2088 1360 2129 necesse
1404 2077 1511 2129 est.
1584 2067 1762 2129 Nam
1809 2070 2089 2130 centurio
2134 2067 2342 2141 Aulus
2386 2068 2666 2141 PudenS,

462 2182 690 2251 poetae
724 2172 1011 2243 amicus.
1078 2172 1328 2233 natione
1381 2170 1642 2244 Umber,
1711 2183 1992 2253 tempore
2052 2173 2212 2257 libri
2262 2171 2377 2234 IV
2424 2172 2673 2233 Romae

454 2275 618 2356 suit.
666 2275 962 2355 quoniam
986 2274 1101 2338 IV
1114 2293 1192 2354 13
1247 2275 1350 2351 (de
1384 2276 1521 2338 eius
1544 2277 1779 2357 nuptiis
1803 2298 1943 2340 cum
1977 2274 2251 2340 Claudia
2273 2276 2664 2357 Peregrina)

476 2401 545 2442 eo
589 2380 845 2440 absente
887 2379 1090 2441 scribi
1127 2381 1245 2442 vix
1275 2381 1487 2460 potuit
1497 2403 1522 2455 ,·
1583 2392 1803 2444 contra
1861 2391 2143 2461 tempore
2188 2382 2347 2443 libri
2386 2379 2570 2442 XIII
2602 2382 2671 2443 in

474 2483 808 2546 Pannonia
853 2505 996 2544 eum
1043 2485 1358 2546 meruisse
1386 2505 1486 2545 ‹ex
1531 2485 1797 2547 disticho
1843 2485 1928 2567 69
1962 2495 2185 2566 patet:

698 2587 1102 2649 Pannonicas
1147 2588 1325 2649 nobis
1369 2609 1692 2668 nunquam
1738 2590 1916 2651 dedit
1963 2588 2233 2651 Umbria
2280 2599 2481 2651 cattas
2497 2613 2518 2650 :

785 2681 1043 2752 Ilffa'volt
1082 2691 1239 2752 liaec
1283 2692 1535 2754 domino
1578 2695 1830 2758 mittere
1874 2692 2041 2755 dona
2087 2693 2361 2756 Pudens,

650 2795 787 2856 Sed
846 2796 1037 2857 etiam
1106 2817 1174 2857 eo
1240 2799 1542 2876 tempore*
1585 2819 1705 2877 quo
1770 2797 1935 2858 liber
2020 2795 2115 2858 VI
2170 2808 2666 2878 componeretur,

474 2899 822 2960 Pudentem
867 2900 934 2960 in
959 2899 1296 2961 Pannonia
1318 2902 1642 2982 meruisse
1656 2911 1748 2981 ep.
1796 2900 1858 2962 V
1846 2898 1890 2959 I
1890 2900 1992 2977 58
2032 2901 2332 2963 docemur
2360 2900 2673 2979 (Cernere

475 3002 886 3064 Parrhasias
931 3002 1083 3064 dum
1128 3014 1191 3065 te>
1230 3005 1427 3076 iuvat,
1479 3005 1665 3070 Aule,
1725 3005 1985 3081 triones)
2010 3026 2034 3079 ,·
2102 3015 2322 3068 contra
2385 3003 2548 3066 VIII
2581 3004 2663 3084 63

476 3127 711 3167 rursus
735 3105 980 3168 Romae
1024 3100 1515 3169 commorantem
1540 3107 1913 3171 invenimus,
1959 3127 1962 3130 ’
1987 3108 2133 3170 Non
2171 3109 2438 3170 multum
2462 3109 2672 3189 igitur

475 3232 518 3271 a
575 3230 730 3271 vero
788 3210 1243 3272 aberrabimus
1301 3212 1365 3272 si
1422 3211 1660 3273 librum
1706 3209 1889 3272 XIII
1936 3214 2138 3275 eidem
2177 3214 2340 3293 fere
2396 3215 2676 3292 tempori

474 3314 829 3375 tribuemus
887 3316 991 3376 cui
1044 3325 1312 3376 sextum.
1427 3314 1648 3376 Etiam
1707 3316 1947 3379 librum
2007 3317 2191 3379 XIV
2223 3326 2377 3396 post
2432 3315 2668 3377 bellum

478 3416 789 3479 Dacicum
836 3418 1072 3481 editum
1119 3439 1275 3491 esse,
1325 3441 1360 3479 c
1403 3416 1519 3477 XI
1528 3417 1589 3479 V
1606 3436 1704 3498 34
1756 3419 1979 3500 (Falx)
2030 3421 2249 3502 colligi
2274 3430 2487 3500 potest
2498 3444 2520 3480 .-

685 3521 835 3583 Pax
880 3543 981 3583 me
1026 3533 1201 3583 certa
1246 3522 1425 3583 ducis
1456 3522 1754 3602 placidos
1800 3526 2101 3587 curvavit
2139 3525 2205 3585 in
2250 3545 2404 3585 usus

789 3625 1140 3706 Agricolae
1185 3647 1348 3687 nunc
1391 3647 1557 3690 sum.
1607 3627 1832 3690 militis
1877 3639 2023 3689 ante
2046 3629 2180 3708 fui.

656 3727 813 3790 Cum
857 3730 1064 3809 igitur
1121 3740 1184 3791 et
1222 3729 1406 3790 XIII
1451 3741 1515 3791 et
1554 3729 1739 3792 XIV
1783 3732 2225 3794 saturnalibus
2271 3732 2664 3811 prodierint.

474 3833 843 3894 saturnalia
902 3843 1113 3894 autem
1175 3834 1337 3894 anni
1391 3852 1478 3917 93
1544 3835 1678 3895 iam
1739 3835 1905 3896 libro
1982 3834 2110 3897 VII
2157 3845 2455 3915 occupata
2514 3836 2663 3898 sint.

475 3946 608 3997 tres
696 3946 940 3998 tantum
1030 3936 1395 3999 decembres
1484 3948 1748 4011 restant,
1838 3960 2106 4019 quorum
2197 3939 2418 4001 diebus
2465 3939 2668 4018 festis

473 4041 632 4102 llaec
692 4040 966 4101 disticlza
1011 4040 1329 4102 destinata
1370 4042 1594 4121 fuisse
1636 4063 1892 4105 sumere
1923 4044 2250 4123 possimus
2268 4069 2288 4105 .·
2327 4063 2665 4105 annorum

473 4162 590 4225 90.
640 4162 751 4225 91,
801 4160 909 4224 92.
