3031 4640
2516 346 2601 408 43

593 520 991 583 Priorem.in
1038 521 1665 601 argumentationem
1712 540 1921 602 pauca
1966 521 2094 581 iam
2127 520 2231 582 hic
2263 520 2604 582 addantur.

589 623 828 686 Friedl.
879 625 943 685 in
988 645 1087 704 ep.
1131 624 1286 702 XIII
1319 623 1448 687 692
1493 646 1613 705 pro
1659 626 1909 687 domino
1951 623 2152 686 Scriv.
2200 622 2600 686 Schneidew.

418 727 496 789 al.
546 728 828 809 probato
875 750 1041 790 nunc
1106 729 1203 807 (cf.
1249 731 1349 791 ed.
1402 729 1465 791 II
1511 749 1622 810 pg.
1672 727 1822 807 282)
1884 730 2176 790 dominae
2220 727 2607 788 substituere

418 831 664 893 mavult
707 853 938 895 vocem
985 842 1051 896 et
1097 834 1407 896 librorum
1433 832 1818 895 auctoritate
1843 833 2054 912 magis
2079 831 2607 894 commendatam

418 944 483 997 et
528 936 612 997 ad
658 937 860 1017 epigr.
912 958 1167 999 sensum
1215 938 1422 1000 multo
1470 936 1698 998 melius
1737 937 2164 1017 quadrantem
2234 934 2610 1014 (rectissime

417 1038 480 1100 in
526 1040 671 1100 adn.
713 1028 807 1102 'ad
855 1041 1012 1104 XIII
1061 1040 1144 1104 69
1192 1036 1381 1117 Deizn
1428 1042 1585 1103 dass
1630 1042 1731 1101 ein
1784 1038 2098 1103 Centurio.
2147 1060 2267 1100 von
2313 1039 2458 1099 dem
2505 1036 2602 1098 M.

418 1154 596 1205 ,ronst
637 1146 924 1224 mbgend
962 1147 1099 1208 eine
1122 1146 1500 1226 Bezzeleung
1542 1166 1686 1207 zum
1713 1143 1958 1205 Kaiser
2003 1142 2321 1206 erwc'ilznt.
2370 1142 2610 1203 diesem

429 1245 792 1310 Gescleenke
835 1249 1080 1318 sancite,
1130 1250 1216 1311 ist
1245 1249 1402 1311 selzr
1425 1247 2095 1325 unwalzrscleeinlzklz),
2145 1245 2235 1311 ita
2258 1256 2329 1308 ut
2352 1245 2612 1307 Pudens

418 1350 522 1412 vel
580 1352 831 1432 puellae
887 1374 925 1414 a
985 1374 1054 1416 se
1114 1364 1368 1416 amatae
1434 1353 1537 1417 vel
1606 1352 1792 1414 uxori
1863 1361 2071 1412 cattas
2138 1349 2277 1411 illas
2345 1349 2604 1410 miserit.

419 1454 537 1516 Illa
593 1457 859 1536 quidem
921 1457 984 1518 in
1040 1477 1107 1519 re
1165 1478 1426 1539 prorsus
1493 1465 1670 1519 recte
1740 1454 1895 1517 mihi
1962 1455 2220 1519 videtur
2288 1453 2607 1515 iudicasse

417 1581 476 1619 v.
540 1559 623 1633 d.‚
689 1560 898 1622 minus
958 1570 1176 1623 autem
1234 1562 1290 1623 ei
1348 1561 1677 1623 adsentior
1733 1560 2026 1640 protinus
2085 1566 2235 1641 post
2315 1557 2610 1638 pergenti

420 1662 729 1724 Bedeutet
782 1665 1039 1727 domina
1099 1666 1203 1727 die
1248 1665 1313 1725 F
1309 1687 1454 1729 rau.
1538 1685 1607 1725 so
1665 1684 1840 1726 muss
1886 1663 1956 1724 P.
2019 1684 2138 1724 vor
2197 1662 2411 1724 seiner
2471 1659 2616 1735 Elge

420 1768 544 1828 mit
590 1765 864 1830 Claudia
909 1768 1276 1849 Peregrina
1328 1767 1395 1846 (J
1404 1768 1465 1830 V
1498 1770 1604 1846 13)
1656 1768 1846 1830 seleon
1894 1767 2138 1828 einmal
2167 1764 2622 1828 ‘verlcez'ratlzet

411 1890 713 1949 gewesen
802 1873 954 1934 sein.
1092 1872 1418 1954 Equidem
1509 1893 1545 1933 e
1635 1872 1959 1935 contrario
2033 1871 2125 1932 sic
2201 1867 2608 1949 collegerim:

422 1973 750 2055 Tempore
817 1996 917 2057 ep.
992 1975 1079 2038 IV
1151 1976 1232 2040 13
1298 1976 1552 2038 Romae
1634 1984 1922 2038 versatus
1989 1973 2202 2035 Aulus
2270 1971 2612 2036 Claudiam

422 2078 838 2159 Peregrinam
900 2081 1179 2142 duxerat
1238 2081 1303 2141 in
1365 2081 1867 2143 matrimonium.
1962 2078 2089 2141 Vel
2150 2078 2385 2139 eodem
2445 2096 2614 2137 anno

422 2183 524 2243 vel
562 2184 986 2265 'sequentium
1048 2183 1341 2265 quolibet
1401 2185 1633 2246 missus
1693 2195 1829 2246 erat
1889 2185 1953 2247 in
2015 2183 2310 2263 regiones
2367 2188 2615 2261 septen-

424 2288 726 2351 trionales
773 2289 810 2351 i.
859 2309 911 2351 e.
963 2289 1026 2351 in
1058 2288 1454 2352 Pannoniam
1502 2288 1612 2368 (Vl
1644 2288 1769 2368 58),
1791 2287 1865 2368 31)
1912 2274 2082 2350 unde
2127 2296 2423 2367 tempore
2470 2283 2613 2345 libri

426 2390 580 2454 VIII
608 2395 726 2474 (ep.
752 2392 857 2472 63)
882 2393 984 2455 vel
1007 2393 1225 2475 paullo
1251 2402 1399 2456 ante
1423 2395 1759 2456 revertisse
1783 2394 2055 2456 videtur.
2129 2373 2287 2453 XIII
2313 2391 2394 2453 69
2419 2389 2616 2469 igitur
2669 2447 2676 2454 ,

426 2514 575 2555 cum
633 2506 830 2577 poeta
891 2498 1139 2562 misisse
1199 2518 1347 2559 eum
1394 2499 1698 2561 dominae
1755 2519 1840 2560 ex
1887 2496 2163 2561 Umbria
2208 2504 2415 2556 cattas
2461 2492 2620 2553 Pan·

427 2599 690 2661 nonicas
752 2601 928 2676 dicit,
999 2603 1177 2683 sequi
1240 2602 1390 2665 inde
1451 2603 1608 2664 mihi
1674 2603 1931 2664 videtur
1988 2600 2108 2661 sub
2166 2598 2422 2660 damma
2468 2618 2524 2656 v.
2575 2595 2618 2657 2

424 2723 700 2765 uxorem
770 2704 1076 2768 Pudentis
1145 2705 1231 2768 IV
1282 2708 1360 2769 13
1446 2709 1710 2769 ductam
1793 2727 1932 2769 esse
2001 2702 2518 2783 intellegendam,
2541 2697 2622 2775 ²²)

433 2807 635 2887 epigr.
688 2808 883 2889 igitur
929 2810 1167 2892 nuptiis
1214 2811 1335 2872 illis
1381 2814 1511 2874 iam
1558 2811 1856 2893 peractiS,
1906 2829 2053 2871 cum
2100 2807 2357 2869 Pudens
2402 2803 2620 2866 ePan-

433 2912 624 2973 nonia
682 2914 745 2974 in
790 2913 1041 2976 Italiam
1090 2917 1472 2991 revertisset,
1524 2935 1642 2977 nec
1689 2916 1778 2977 ita
1841 2911 2046 2976 multo
2092 2920 2257 2992 post
2316 2909 2618 2981 reditum,

432 3035 580 3077 cum
644 3037 794 3079 aves
855 3017 1001 3079 illae
1063 3028 1372 3101 tanquam
1436 3020 1637 3081 mirae
1698 3020 2121 3091 mitterentur,
2199 3033 2369 3075 anno
2425 3011 2625 3092 igitur

429 3119 531 3181 vel
577 3119 657 3182 91
706 3121 808 3183 vel
854 3122 938 3184 92
985 3123 1424 3204 conscriptum
1471 3144 1627 3185 esse.
1709 3121 1964 3203 Quibus
2008 3118 2331 3182 concessis
2378 3115 2615 3177 Friedl.

434 3225 655 3306 opinio
678 3226 888 3286 causis
912 3236 1268 3288 sustentata
1290 3248 1553 3308 prorsus
1578 3227 1781 3300 nulliS,
1831 3226 2006 3287 illam
2041 3224 2193 3285 dico
2236 3222 2318 3283 de
2349 3219 2622 3282 altero

432 3330 562 3390 iam
613 3327 918 3390 Pudentis
975 3331 1386 3392 matrimonio
1449 3331 1553 3392 hic
1616 3331 2039 3411 cogitandum
2087 3315 2243 3401 esse,
2266 3322 2341 3403 33)
2401 3322 2619 3385 statim

609 3482 676 3551 ²¹)
712 3482 763 3534 V
800 3486 898 3548 283
947 3481 1026 3536 VI
1063 3489 1159 3547 543
1199 3487 1295 3547 783
1332 3483 1440 3535 VII
1477 3489 1571 3549 113
1625 3489 1690 3541 14
1741 3486 1918 3537 utrum
1968 3483 2164 3535 Romae
2210 3478 2371 3533 fuerit
2405 3475 2625 3529 Pudens

431 3589 600 3625 neone
638 3571 777 3625 nihil
814 3572 1051 3639 probant.

610 3659 674 3728 2²)
715 3657 955 3723 Quocum
1008 3662 1224 3727 optume
1277 3658 1500 3725 quadrat
1549 3658 1690 3725 quod
1739 3656 1892 3709 Mart.
1942 3656 2157 3724 saepius
2210 3669 2403 3707 uxores
2451 3658 2506 3705 et
2557 3652 2625 3704 ab

432 3747 572 3813 ipsis
611 3746 822 3800 maritis
859 3750 913 3799 et
947 3747 1012 3800 ab
1049 3745 1171 3800 aliis
1209 3745 1455 3799 dominas
1502 3758 1622 3795 esse
1659 3742 1946 3810 appellatas
1996 3744 2225 3796 testatur
2270 3742 2337 3793 cf.
2375 3739 2455 3792 VI
2491 3740 2624 3804 21⁸3

436 3832 485 3883 V
524 3833 656 3898 613·
704 3832 920 3899 X17⁸;
969 3831 1081 3885 XII
1129 3837 1196 3889 52
1217 3832 1285 3863 ¹⁴
1335 3830 1454 3888 473.
1540 3830 1615 3882 Cf.
1664 3828 1858 3883 Friedl.
1908 3829 2026 3880 adn.
2076 3830 2142 3882 ad
2189 3828 2239 3879 V
2278 3833 2338 3885 61
2393 3829 2448 3880 et
2494 3827 2623 3880 hist.

434 3936 568 3972 mor.
606 3919 668 3971 1⁴
705 3937 790 3988 pg.
828 3918 1115 3986 43431uV.
1153 3917 1238 3971 IX
1277 3922 1343 3975 78
1380 3916 1444 3970 al

615 4006 677 4075 33)
716 4007 773 4059 Si
813 4007 938 4074 quis
975 4023 1044 4060 ex
1080 4022 1142 4059 eo
1181 4005 1322 4073 quod
1343 4002 1495 4056 Mart.
1538 4018 1603 4054 ne
1641 4002 1803 4055 Verbo
1842 4000 2059 4068 quidem
2080 4001 2296 4067 nuptias
2315 3998 2435 4052 illas
2455 3998 2629 4050 fuisse

438 4092 702 4146 secundas
757 4094 865 4146 iarn
913 4093 1177 4146 Pudentis
1232 4091 1377 4145 dicat
1430 4088 1777 4156 repetendum
1832 4100 1953 4139 esse
2002 4088 2154 4152 putat
2202 4101 2385 4138 revera
2432 4077 2629 4134 Stellae

439 4179 675 4247 primum
711 4179 1116 4233 matrimonium
1158 4194 1277 4232 esse
1315 4174 1732 4242 intellegendum
1771 4191 1837 4227 ne
1875 4168 2006 4224 falso
2044 4171 2390 4225 ratiocinetur
2426 4169 2629 4222 caveat.
