3031 4640
446 323 608 385 62‘

655 496 854 558 lanus
902 497 1064 575 agit,
1114 518 1297 577 quem
1343 507 1408 558 tu
1452 498 1665 559 vicina
1704 497 1872 558 Pace
1891 496 1939 574 ⁸)
1988 498 2261 576 lzgatum

667 597 901 662 Omnia
947 600 1196 661 iussisti
1236 610 1605 679 componere
1650 600 1816 661 bella
1862 601 2125 680 novique
2196 584 2205 593 ⁰

655 703 732 764 ln
778 705 951 783 leges
997 705 1228 765 iurare
1252 689 1419 783 sciri.
1469 724 1531 784 q.
1580 724 1627 765 s,
1654 703 1703 782 ⁹)

624 805 811 887 Quae
858 808 1094 870 indicia
1139 808 1190 869 si
1238 808 1455 869 animo
1501 828 1632 869 non
1677 817 2159 888 praeoccupato
2219 809 2640 889 perpenderis

448 911 665 972 statim
713 911 943 991 opinor
988 911 1141 973 mihi
1204 911 1580 973 adsentieris
1642 911 1790 973 inde
1849 911 2180 992 colligenti
2246 933 2374 974 non
2435 913 2638 974 modo

449 1035 503 1075 a.
533 1015 662 1075 iam
685 1013 770 1076 94
794 1015 1123 1077 desinente
1139 1014 1214 1089 10)
1260 1016 1375 1077 sed
1422 1016 1617 1077 etiam
1664 1015 1839 1077 haud
1886 1017 1976 1078 ita
2023 1016 2296 1077 multum
2321 1017 2634 1097 temporis

450 1129 598 1180 ante
676 1118 885 1180 forum
970 1119 1127 1181 illud
1208 1127 1380 1180 certe
1460 1119 1653 1181 fuisse
1741 1120 2116 1181 excitatum.
2234 1119 2387 1181 Post
2472 1121 2643 1181 enim

455 1223 941 1309 expeditionem
991 1225 1252 1284 demum
1282 1221 1711 1285 Sarmaticam
1738 1223 1961 1285 Ianum
2010 1244 2157 1285 cum
2186 1224 2370 1285 Pacis
2395 1224 2645 1305 templo

451 1327 722 1406 ligatum
748 1346 887 1387 esse
913 1363 995 1371 —-
1021 1328 1056 1387 i.
1088 1348 1139 1387 e.
1163 1326 1295 1388 Iani
1320 1327 1626 1389 sacellum
1652 1329 1888 1389 eversis
1913 1327 2304 1408 remotisque
2329 1327 2639 1389 aedificiis

456 1451 535 1490 eo
583 1450 782 1509 usque
829 1429 947 1490 fori
995 1430 1316 1492 condendi
1364 1431 1579 1494 locum
1626 1431 2098 1513 occupantibus
2145 1432 2328 1493 Pacis
2373 1432 2645 1494 aedibus

459 1535 667 1614 magis
700 1543 770 1594 ut
801 1534 890 1594 ita
923 1533 1135 1594 dicam
1182 1554 1321 1595 esse
1367 1536 1956 1616 appropinquatum
1973 1534 2047 1614 ¹¹)
2078 1571 2148 1579 -—
2182 1555 2402 1598 revera
2448 1536 2649 1615 igitur

459 1638 606 1698 inde
668 1636 751 1697 ab
813 1646 1092 1698 exeunte
1153 1638 1417 1700 demum
1475 1660 1528 1699 a.
1577 1640 1659 1700 92
1720 1639 1895 1700 urbis
1951 1640 2125 1701 illam
2188 1640 2518 1720 regionem
2583 1640 2647 1700 in

453 1741 715 1822 planam
762 1748 1232 1802 commutatam
1279 1762 1417 1803 esse
1463 1762 1680 1803 aream
1727 1743 2082 1804 luculenter
2119 1753 2353 1824 poetae
2386 1725 2647 1805 demon·

455 1855 659 1906 strant
713 1845 911 1905 verba
972 1843 1078 1905 illa
1135 1866 1319 1924 quem
1379 1856 1445 1907 tu
1504 1847 1717 1909 vicina
1763 1847 1930 1907 Pace
1976 1847 2246 1926 legatum
2292 1867 2384 1927 sq.
2453 1850 2645 1927 (quae

454 1949 613 2011 verti
648 1958 971 2029 nequeunt
1016 1948 1200 2010 aliter
1245 1970 1474 2030 quam:
1526 1950 1930 2021 cladzcrclc,
1983 1951 2175 2011 dass
2221 1950 2464 2012 dujlm
2509 1972 2650 2012 ver-

456 2053 702 2114 bunden
760 2053 952 2129 hasty.
1050 2051 1117 2114 Si
1177 2054 1347 2117 enim
1409 2074 1495 2114 ex
1552 2052 1661 2114 illo
1722 2062 2017 2133 tempore
2078 2074 2208 2134 quo
2268 2053 2382 2115 tali
2440 2054 2643 2115 modo

454 2157 652 2218 artior
675 2156 808 2217 Iani
857 2176 1005 2217 cum
1033 2156 1199 2218 Pace
1245 2158 1657 2218 necessitudo
1702 2156 2100 2219 efficiebatur
2143 2157 2385 2220 bellum
2420 2177 2642 2219 revera

457 2270 623 2324 esset
649 2268 923 2341 gestum,
972 2260 1172 2322 verba
1219 2262 1417 2324 modo
1463 2261 1764 2342 adposita
1806 2282 1844 2322 a
1874 2271 2070 2342 poeta
2101 2282 2310 2343 eoque
2342 2261 2647 2324 adulante

459 2366 584 2426 dici
633 2365 919 2445 potuisse
964 2385 1225 2445 prorsus
1272 2367 1544 2446 denego

638 2465 825 2547 Quae
872 2488 1020 2530 cum
1069 2471 1157 2530 ita
1203 2472 1329 2532 sint
1375 2490 1503 2531 non
1550 2490 1816 2551 possum
1864 2470 2072 2531 facere
2135 2470 2288 2550 quin
2349 2490 2450 2550 ep.
2496 2489 2651 2549 quo·

459 2594 584 2653 que
632 2570 662 2632 I
708 2573 747 2632 2
794 2592 962 2633 anno
1010 2572 1273 2634 demum
1318 2573 1529 2637 vel93
1576 2573 1677 2636 vel
1702 2573 1788 2636 94
1832 2594 1871 2635 a
1900 2583 2098 2654 poeta
2142 2574 2454 2654 scriptum
2506 2593 2646 2635 esse

461 2697 582 2757 pro
628 2685 806 2737 certo
852 2685 1169 2756 statuam3
1217 2698 1412 2758 quam
1460 2679 1844 2740 sententiam
1878 2677 2191 2740 Martialis
2236 2678 2438 2758 epigr.
2465 2677 2529 2739 X
2559 2676 2644 2738 28

360 2795 363 2798 ’
459 2790 525 2841 et
572 2779 651 2841 51
705 2816 785 2824 —-
832 2780 883 2840 si
930 2800 1080 2842 vere
1126 2782 1359 2843 eodem
1408 2791 1702 2862 tempore
1748 2792 1891 2844 orta
1935 2791 2083 2843 sunt
2128 2802 2258 2862 quo
2305 2782 2465 2843 liber
2497 2780 2646 2855 X1,

459 2886 497 2945 i.
549 2905 599 2945 e.
651 2904 820 2945 anno
870 2883 954 2946 95
1002 2921 1084 2928 —
1133 2886 1299 2947 adeo
1360 2906 1486 2947 non
1535 2885 1874 2965 infringere
1945 2895 2014 2948 ut
2082 2895 2438 2948 sustentent
2507 2906 2651 2947 eam

463 2987 853 3068 fulciantque
902 2988 1075 3050 haud
1124 3010 1286 3070 opus
1334 3000 1432 3052 est
1476 2989 1837 3051 accuratius
1883 3010 2228 3072 exponere.

636 3091 860 3173 Atque
944 3092 1151 3155 multo
1236 3093 1665 3156 confidentius
1733 3114 1899 3174 quae
1969 3095 2170 3157 modo
2238 3093 2654 3154 disseruimus

465 3196 845 3271 tenebimuS,
907 3217 1054 3258 cum
1103 3197 1229 3259 alia
1285 3199 1416 3260 duo
1475 3206 1857 3277 argumenta
1913 3218 1999 3258 ex
2055 3198 2288 3260 eodem
2349 3204 2657 3277 poemate

466 3300 736 3380 repetita
804 3302 1006 3363 serius
1074 3301 1403 3385 aliquanto
1471 3321 1666 3381 quam
1735 3300 2011 3381 plurima
2080 3300 2222 3362 libri
2268 3297 2300 3360 Ι
2368 3299 2655 3378 carmina

636 3471 677 3537 ⁸)
715 3470 804 3524 Sic
841 3473 985 3525 enim
1021 3487 1114 3539 pro
1149 3485 1286 3538 pace
1323 3471 1668 3526 scribendum
1703 3478 1802 3524 est.

637 3558 677 3626 ⁹)
727 3557 861 3610 Silv.
912 3557 990 3611 IV
1038 3560 1107 3616 3⁹
1152 3574 1231 3626 sq.
1281 3575 1312 3610 a
1357 3558 1528 3611 Statio
1576 3556 1871 3612 Domitiani
1919 3558 2110 3610 merita
2157 3556 2302 3610 nullo
2351 3559 2653 3623 temporum

466 3644 669 3698 ordinis
707 3648 956 3712 respectu
991 3645 1174 3698 habito
1211 3645 1617 3697 enumerantur:
1655 3643 1818 3696 inde
1854 3644 2025 3712 igitur
2060 3644 2155 3711 qui
2173 3642 2386 3697 Jordan.
2424 3640 2458 3693 1.
2497 3658 2567 3693 m.
2606 3658 2652 3694 c.

465 3732 707 3786 conicere
761 3734 996 3798 potuerit
1044 3731 1278 3785 Statium
1331 3730 1445 3783 illic
1500 3730 1566 3782 de
1621 3730 1731 3784 foro
1785 3730 1960 3783 videri
2016 3729 2164 3797 loqui
2219 3730 2490 3782 oriente
2543 3743 2688 3782 noni

463 3834 682 3885 possum
718 3819 1013 3885 dispicere:
1053 3818 1205 3886 plane
1243 3817 1381 3871 nihil
1416 3816 1598 3870 valent
1632 3817 1768 3869 hanc
1804 3816 1862 3868 in
1900 3819 2107 3883 partem
2144 3830 2333 3869 versus
2370 3813 2472 3866 illi.

640 3905 702 3974 ²⁰)
740 3904 896 3958 Statii
942 3908 1087 3958 enim
1141 3921 1351 3958 carmen
1400 3920 1527 3957 cum
1571 3903 1637 3955 ad
1685 3902 1785 3956 kal.
1824 3902 1935 3958 Ian.
1982 3902 2109 3955 anni
2146 3908 2213 3961 95
2260 3901 2523 3967 scriptum
2561 3900 2656 3966 sit,

468 3993 655 4059 paucis
694 3994 755 4044 ut
791 3991 1087 4058 plurimum
1124 3991 1315 4044 diebus
1352 3993 1474 4043 ante
1509 3988 1701 4055 utique
1738 3990 1912 4041 ortum
1948 3991 2046 4041 est.

643 4080 706 4145 ¹¹)
744 4077 1026 4144 Stangium
1062 4093 1272 4144 quoque
1310 4076 1415 4145 (pg.
1438 4076 1524 4143 16)
1562 4073 1751 4127 eodem
1787 4090 1951 4127 sensu
1978 4090 2166 4127 versus
2190 4073 2313 4127 illos
2331 4072 2660 4140 Papinianos

466 4163 870 4228 interpretatum
905 4177 1025 4215 esse
1061 4162 1234 4214 video.
