3031 4640
529 1296 1045 1435 Quaestionem
1077 1332 1251 1396 illam
1285 1335 1370 1397 de
1400 1330 2076 1414 temporibusquibus
2106 1331 2194 1393 M.
2223 1330 2530 1394 Valerius

329 1437 648 1501 Martialis
726 1436 1246 1519 epigrammaton
1327 1435 1582 1503 libellos
1663 1436 1944 1498 ediderit
2009 1444 2310 1499 accurate
2378 1455 2524 1498 con-

326 1540 671 1604 stituendis
707 1542 1046 1624 proxumis
1076 1541 1312 1605 abhinc
1345 1540 1672 1604 decenniis
1702 1540 1960 1622 saepius
2005 1549 2253 1603 motam
2286 1538 2525 1602 multis·

328 1664 462 1725 que
522 1646 733 1709 modis
791 1655 1138 1709 tractatam
1201 1647 1418 1708 denuo
1485 1645 1791 1726 excipere
1857 1645 1910 1707 si
1983 1645 2193 1708 minus
2261 1646 2525 1708 omnino

325 1731 802 1830 supervacuum
862 1760 1151 1813 attamen
1219 1750 1407 1812 nimis
1475 1748 1943 1812 infructuosum
2010 1748 2224 1830 primo
2291 1748 2524 1812 obtutu

326 1851 533 1914 videri
600 1863 839 1935 potest.
941 1852 1292 1935 Quotquot
1356 1853 1529 1916 enim
1597 1861 1969 1935 temporum
2032 1853 2270 1915 indicia
2336 1862 2402 1916 et
2462 1855 2526 1916 in

322 1956 487 2037 ipsis
530 1958 1020 2039 epigrammatis
1064 1957 1268 2020 latent
1297 1965 1362 2019 et
1401 1955 1662 2019 aliunde
1692 1958 1828 2018 erui
1873 1967 2147 2038 possunt
2175 1976 2254 2020 ea
2287 1977 2528 2039 magna

140 2122 146 2127 ,
266 2142 269 2147 .
328 2060 461 2121 iam
508 2080 595 2121 ex
640 2070 826 2142 parte
864 2061 938 2124 L.
973 2059 1517 2123 Friedlaenderus
1562 2079 1711 2123 cum
1756 2062 2038 2143 primum
2088 2061 2243 2123 talia
2288 2061 2526 2125 indicia

333 2162 480 2244 plus
527 2164 819 2227 minusve
864 2164 1122 2228 occulta
1167 2163 1661 2245 diligentissime
1705 2165 2047 2246 indagaret
2092 2163 2307 2228 attulit
2337 2186 2525 2247 quae·

320 2286 459 2349 que
504 2268 806 2332 concludi
851 2269 1002 2333 inde
1046 2289 1240 2352 posse
1286 2268 1344 2332 ei
1389 2267 1776 2332 videbantur
1818 2267 1904 2332 ad
1948 2278 2247 2351 tempora
2291 2271 2526 2333 certius

324 2370 696 2435 definienda
739 2374 825 2437 in..
851 2374 1110 2438 duobus
1155 2373 1528 2455 composuit
1558 2371 1964 2436 Academiae
1993 2373 2517 2455 Regimontanae

325 2478 852 2556 programmatis,
884 2477 933 2558 1)

508 2578 783 2644 Secutus
813 2591 912 2644 est
943 2581 1094 2645 dein
1122 2581 1398 2662 vestigia
1427 2581 1544 2643 viri
1579 2580 1938 2644 doctissimi
1971 2579 2056 2643 H.
2085 2580 2160 2643 F.
2193 2579 2524 2644 Stobbeus

329 2685 436 2765 qui
514 2685 768 2747 omissis
838 2679 1322 2749 Friedlaenderi
1392 2683 2059 2767 argumentationibus
2131 2694 2197 2747 et
2269 2685 2521 2747 investi-

326 2788 530 2869 gandi
591 2789 839 2853 ratione
898 2810 1048 2852 usus
1093 2789 1579 2852 accuratissima
1638 2797 1845 2852 totam
1907 2789 1990 2850 de
2035 2788 2290 2869 integro
2334 2808 2523 2869 quae·

327 2891 608 2955 stionem
654 2893 942 2956 instituit.
966 2892 1011 2971 2)
1102 2893 1395 2957 Intentae
1444 2892 1721 2957 Stobbei
1784 2912 1977 2955 curae
2024 2891 2300 2955 debetur
2343 2893 2522 2973 quod

324 2995 535 3058 multa
579 3016 747 3078 quae
794 2998 1101 3060 omiserat
1144 2997 1385 3061 Friedl.
1434 3018 1745 3079 prospere
1790 2996 2303 3078 complebantur,
2352 3015 2522 3077 quae

330 3099 540 3162 minus
585 3110 759 3163 recte
805 3100 1248 3183 disputaverat
1292 3100 1396 3163 ille
1441 3099 1969 3163 emendabantur.

306 3288 311 3294 Ι
508 3201 695 3284 Quae
741 3203 956 3267 adhuc
1002 3213 1343 3286 supersunt
1388 3204 1869 3286 disquisitiones
1927 3202 2329 3284 singulorum
2389 3210 2522 3265 tan-

328 3314 470 3369 tum
501 3306 810 3371 librorum
841 3317 1140 3390 tempora
1169 3308 1548 3390 respiciunt:
1584 3307 1974 3371 Mommseni
2006 3306 2116 3369 illa
2146 3307 2212 3368 in
2236 3304 2522 3368 Hermae

218 3439 225 3445 ⁴
296 3410 455 3500 ‚voL
502 3409 607 3473 III
652 3414 730 3492 (a.
783 3411 992 3489 1868),
1055 3411 1165 3473 ubi
1212 3412 1277 3474 in
1323 3410 1705 3473 excursibus
1750 3411 1804 3473 B
1852 3421 1919 3473 et
1965 3409 2019 3474 C
2068 3409 2522 3492 disputationis

324 3532 480 3576 suae
522 3513 661 3578 Zur
700 3514 1305 3597 Lebensgesclciclcte
1348 3514 1460 3577 des
1483 3513 1823 3596 jic‘ngeren
1867 3514 2121 3577 Plinius
2177 3533 2388 3596 pauca
2449 3515 2516 3576 in

323 3616 555 3699 primis
610 3621 693 3682 de
751 3619 1115 3683 libellorum
1175 3616 1258 3681 X.
1310 3615 1429 3679 XI.
1479 3615 1632 3680 XII.
1699 3617 2103 3701 temporibus
2171 3618 2387 3680 attulit
2456 3628 2522 3680 et

330 3717 416 3783 O.
445 3720 838 3786 Hirschfeldi
886 3724 951 3786 in
995 3721 1201 3785 annal.
1248 3721 1543 3803 Gotting.
1595 3723 1741 3785 anni
1790 3706 1960 3786 1869
2004 3722 2115 3802 qui
2160 3720 2412 3784 vocatis
2456 3721 2522 3783 in

320 3825 643 3888 auxilium
689 3826 956 3889 fratrum
986 3825 1328 3889 Arvalium
1361 3825 1599 3888 tabulis
1643 3825 1983 3909 proxumis
2028 3823 2264 3887 abhinc
2308 3824 2522 3887 lustris

422 4029 435 4034 ’
511 4031 557 4100 ¹)
592 4032 750 4085 annis
789 4034 924 4089 1862
960 4032 1016 4084 et
1053 4034 1188 4089 1865
1223 4031 1362 4085 foras
1398 4030 1602 4085 missis.

501 4115 544 4185 ⁸)
578 4115 835 4170 Invenies
870 4115 1087 4170 Stobbei
1136 4131 1269 4186 quas
1315 4115 1416 4170 hac
1468 4116 1535 4170 de
1571 4131 1628 4170 re
1665 4114 1887 4184 scripsit
1922 4114 2057 4167 duas
2101 4112 2520 4182 disquisitiones

324 4161 385 4254 {n
422 4198 623 4257 Philet.
661 4201 769 4257 vol.
805 4207 875 4260 26
912 4201 1093 4272 (1867)
1129 4204 1186 4256 et
1219 4206 1288 4260 27
1327 4200 1523 4271 (4868).
