3031 4640
2508 345 2589 409 85

406 521 945 602 epigrammatum
972 543 1057 584 ex
1081 542 1229 585 arca
1256 520 1454 583 modo
1481 522 1991 602 desumptorum.
2020 520 2090 599 ¹¹)
2159 518 2593 600 Inaugurabat

408 624 682 705 denique
729 624 1038 687 maiorem
1086 624 1262 687 illum
1310 633 1562 687 tomum
1610 643 1709 705 ep.
1761 623 1789 683 I
1834 622 1893 685 4.

579 727 701 809 Ep.
740 729 767 790 I
812 727 1095 792 44-id
1142 730 1320 810 quod
1368 728 1605 791 Friedl.
1659 729 1720 789 in
1767 727 1907 789 hist.
1961 748 2117 789 mor.
2148 726 2282 789 1115
2327 747 2435 807 pg.
2464 725 2591 789 429

406 833 700 896 voluerat
765 869 842 878 -—
906 844 976 895 ut
1008 834 1118 895 .de
1177 834 1407 895 eadem
1470 841 1665 914 atque
1726 853 1824 913 ep.
1885 831 1919 894 I
1979 832 2061 895 66
2119 840 2239 893 cet.
2312 831 2594 893 editione

408 937 653 999 dictum
723 958 862 999 esse
946 937 1283 1018 opinemur
1366 936 1539 998 nulla
1621 936 1917 1016 cogimur
2000 936 2594 1017 argumentatione3

404 1041 702 1104 videntur
749 1062 784 1103 e
832 1041 1154 1104 contrario
1199 1042 1264 1104 in
1310 1041 1548 1104 chartis
1597 1041 1717 1103 illis
1764 1039 1934 1103 nulla
1980 1039 2106 1101 alia
2151 1040 2351 1121 epigr.
2402 1039 2595 1100 fuisse

407 1146 713 1226 inscripta
759 1147 874 1207 nisi
923 1146 1247 1228 quaedam
1294 1146 1553 1208 leonum
1600 1145 2015 1208 solummodo
2073 1164 2222 1206 cum
2270 1143 2596 1225 leporibus

407 1248 579 1310 lusus
626 1249 1032 1312 celebrantia.
1104 1248 1355 1311 Certius
1403 1271 1482 1312 ne
1529 1251 1889 1312 iudicemus
1926 1269 2146 1310 versus
2177 1256 2398 1310 vetant
2430 1246 2597 1309 male

410 1354 685 1415 obscuri.
714 1351 787 1431 12)

583 1458 913 1538 Tempora
959 1458 1235 1540 denique
1280 1460 1331 1520 si
1379 1459 1647 1539 requiris
1693 1458 1923 1539 quibus
1970 1466 2035 1519 et
2059 1455 2276 1518 liberI
2315 1455 2596 1537 primum

409 1571 641 1641 poetae
703 1562 934 1623 scrinia
994 1563 1345 1625 deseruerit
1393 1572 1456 1625 et
1502 1563 1647 1624 libri
1694 1562 1739 1624 I.
1794 1561 1873 1623 II.
1936 1561 2201 1623 iunctim
2259 1559 2414 1621 editi
2474 1559 2599 1620 sint

413 1665 584 1727 nulla
628 1687 793 1747 quae
838 1667 1117 1749 priorem
1166 1668 1609 1748 quaestionem
1672 1666 1925 1729 solvant
1988 1664 2224 1728 indicia
2285 1663 2597 1738 invenie53

413 1770 540 1833 dici
588 1779 836 1832 tantum
883 1780 1099 1852 potest
1145 1771 1302 1834 hoc:
1354 1772 1403 1832 si
1453 1792 1553 1852 ep.
1591 1772 1620 1834 Ι
1663 1771 1779 1834 101
1833 1779 2127 1850 tempore
2172 1770 2301 1830 iarn
2349 1764 2600 1828 libelliI

409 1874 784 1954 singillatim
831 1874 1002 1936 foras
1050 1876 1184 1938 dati
1248 1875 1687 1957 compositum
1745 1884 1899 1949 erat,
1973 1873 2133 1935 liber
2181 1873 2210 1935 I
2267 1892 2395 1934 non
2451 1880 2599 1932 ante

413 1986 759 2039 exeuntem
817 1999 872 2040 a.
938 1978 1017 2041 81
1084 1980 1147 2041 in
1202 1978 1601 2060 bibliopolae
1662 1979 1997 2040 tabernam
2055 1977 2302 2040 venisse
2362 1985 2595 2057 potest.

414 2080 648 2143 Libros
715 2102 870 2144 vero
938 2083 968 2145 I
1034 2093 1098 2145 et
1168 2085 1228 2147 11
1308 2083 1574 2146 iunctim
1643 2082 1981 2163 evulgatos
2049 2103 2187 2144 esse
2255 2101 2384 2143 non
2451 2088 2600 2141 ante

416 2205 651 2247 annum
715 2184 800 2259 84
855 2207 939 2247 ex
997 2207 1094 2268 ep.
1149 2187 1176 2250 Ι
1221 2188 1264 2248 4
1322 2211 1378 2249 v.
1433 2189 1465 2250 7
1532 2188 1824 2251 evincere
1879 2186 2060 2249 licet:
2133 2185 2401 2249 fortasse
2460 2185 2603 2266 ipso

416 2310 584 2352 anno
645 2288 730 2353 84
791 2290 899 2372 qui
964 2292 1182 2354 nescio
1240 2313 1321 2355 an
1383 2302 1651 2373 optume
1720 2291 2211 2355 commendetur
2276 2311 2356 2353 eo
2424 2289 2601 2371 quod

413 2418 470 2457 v.
522 2392 636 2477 3f'4
701 2403 898 2476 poeta
943 2405 1170 2477 aperte.
1225 2398 1307 2459 de
1354 2397 1683 2478 triumpho
1733 2397 2036 2460 Chattico
2084 2397 2284 2458 modo
2331 2406 2401 2457 ut
2448 2394 2599 2456 mihi

415 2501 670 2563 videtur
716 2508 865 2561 acto
913 2502 1177 2581 cogitat.

588 2605 819 2667 Restat
881 2606 1159 2687 denique
1216 2617 1285 2669 ut
1347 2607 1583 2689 quibus
1638 2607 2039 2688 temporibus
2096 2605 2404 2687 publicati
2447 2604 2603 2665 ‘sint

418 2709 612 2772 libelli
660 2710 688 2772 I
735 2720 800 2773 et
849 2711 911 2774 ΙΙ
957 2732 1104 2774 cum
1152 2714 1429 2793 separati
1481 2712 1544 2773 in
1590 2732 1864 2793 eamque
1910 2731 2104 2791 quam
2152 2709 2387 2771 exinde
2447 2729 2604 2789 prae

378 2834 484 2902 ‘se
530 2814 738 2878 ferunt
797 2816 1069 2880 formam
1134 2818 1453 2880 immutati
1514 2817 1745 2879 iterum
1804 2815 2145 2876 ederentur
2203 2813 2426 2894 paucis
2484 2813 2604 2874 dis-

416 2937 717 2980 seramus,
1683 2899 1687 2903 Δ

594 3021 957 3086 Stobbeum
1018 3035 1083 3088 et
1141 3035 1332 3089 antea
1388 3028 1515 3088 iam
1579 3024 2008 3104 Borghesium
2086 3044 2171 3086 ex
2236 3043 2334 3104 ep.
2400 3022 2461 3085 ΙΙ
2523 3022 2604 3086 93

420 3124 545 3183 scis
591 3126 976 3202 conclusisse
1008 3130 1372 3193 Martialem
1420 3150 1571 3192 cum
1617 3129 1837 3190 ederet
1883 3126 2115 3188 librum
2164 3125 2228 3188 ΙΙ
2275 3127 2606 3189 retinuisse

421 3226 750 3307 paulisper
808 3229 1042 3292 librum
1090 3234 1137 3307 Ι,
1198 3236 1313 3296 sed
1376 3234 1550 3296 haud
1600 3233 1803 3295 multo
1872 3241 2020 3312 post
2078 3231 2430 3312 evulgasse,
2503 3232 2604 3293 cui

420 3330 773 3392 sententiae
798 3331 1034 3394 Friedl.
1081 3345 1145 3397 et
1191 3337 1255 3397 in
1300 3336 1442 3399 hist.
1496 3357 1652 3399 mor.
1678 3335 1820 3398 1115
1864 3357 1973 3417 pg.
2024 3336 2152 3399 425
2201 3346 2263 3398 et
2311 3338 2374 3398 in
2421 3337 2519 3398 ed.
2572 3334 2602 3396 I

422 3456 529 3516 pg.
578 3434 663 3498 53
710 3444 776 3498 et
821 3437 963 3498 adn.
1015 3439 1099 3499 ad
1159 3436 1223 3498 II
1268 3438 1352 3502 93
1399 3440 1775 3522 adstipulari
1823 3462 1890 3502 se
1938 3461 2128 3522 posse
2175 3450 2408 3522 negat3
2480 3461 2606 3502 non

599 3660 665 3724 ¹¹)
704 3659 849 3724 Quae
899 3660 945 3712 si
996 3677 1089 3727 pro
1137 3660 1408 3728 explorato
1456 3663 1715 3717 habemus
1768 3667 2048 3733 optumum
2097 3665 2349 3732 praebent
2387 3679 2604 3717 sensum

423 3761 612 3799 versus
632 3745 686 3798 11
707 3752 800 3803 lv.
825 3751 851 3803 1
874 3748 927 3798 et
946 3751 977 3802 2
995 3763 1008 3803 ;
1027 3752 1060 3801 3
1080 3746 1380 3800 -libellus
1399 3746 1427 3799 1
1444 3766 1569 3801 oum
1595 3750 1800 3803 dudum
1819 3753 1978 3804 notus
1998 3753 2140 3805 esset
2161 3767 2263 3803 non
2293 3750 2400 3803 iam
2420 3749 2607 3817 egebat

423 3848 522 3885 nee
560 3832 915 3901 descriptione
952 3849 1050 3885 nec
1088 3833 1544 3887 commendatione
1593 3867 1659 3874 —
1712 3840 1766 3889 et
1805 3856 1852 3889 v.
1893 3839 2001 3904 7l8,
2038 3838 2133 3891 ubi
2170 3841 2245 3891 sis
2282 3839 2402 3891 licet
2437 3854 2610 3905 usque

424 3921 604 3974 malus
657 3920 721 3973 ad
776 3919 1017 3973 libellum
1053 3919 1109 3971 II
1165 3920 1338 3973 solum
1394 3922 1584 3975 referre
1639 3940 1742 3977 non
1797 3923 2069 3977 dubitabis
2125 3926 2372 3991 respectu
2425 3924 2606 3976 habito

422 4006 862 4075 epigrammatum
898 4005 1023 4060 libri
1059 4007 1222 4060 istius
1257 4007 1316 4059 in
1354 4006 1544 4074 primis
1580 4010 1635 4061 et
1667 4010 1996 4063 mordacium
2034 4011 2087 4062 et
2123 4009 2489 4062 obscenorum.

597 4094 663 4164 12)
703 4096 779 4150 Of.
820 4096 885 4148 de
921 4110 1003 4161 ep.
1040 4092 1068 4145 I
1103 4099 1174 4151 44
1212 4093 1430 4146 Gilbert.
1468 4093 1600 4161 phil.
1640 4093 1769 4148 XLI
1805 4111 1890 4162 pg.
1930 4100 2059 4162 3633
2096 4094 2231 4148 Birt.
2270 4094 2305 4145 1.
2328 4110 2371 4145 e.
2399 4110 2482 4160 pg.
2510 4098 2608 4148 150

423 4181 543 4236 adn.
581 4185 643 4251 13
679 4180 876 4238 Friedl.
913 4181 1032 4237 adn.
1070 4181 1135 4236 ad
1170 4180 1198 4235 I
1233 4180 1354 4239 442.
