3031 4640
2517 357 2601 421 27

418 527 588 590 haud
637 530 844 591 minus
889 550 1085 611 quam
1132 530 1484 593 bestiarum
1532 531 1935 594 extrinsecus
1979 530 2262 593 Romam
2318 539 2606 611 asporta·

415 641 626 694 tarum
686 654 754 695 re
810 654 964 697 vera
1020 634 1225 696 factas
1282 654 1421 697 esse
1481 634 1837 697 luculenter
1892 635 2242 697 ostendunt
2287 633 2607 696 Iuvenalis

414 756 635 798 versus
681 736 726 811 I,
776 737 861 801 22
905 758 1012 819 sq:

735 839 891 904 Cum
948 851 1129 904 tener
1184 863 1453 904 uxorem
1523 843 1716 904 ducat
1755 841 1976 921 spada,
2049 840 2275 904 spIevia
2331 840 2605 905 Tuscum

727 945 933 1026 Figat
969 957 1209 1026 aprum
1256 957 1318 1008 et
1358 947 1533 1008 nuda
1578 956 1786 1008 teneat
1797 942 1806 951 ”
1825 946 2143 1008 venabula
2189 966 2492 1007 mamma.

417 1047 690 1129 Saepius
737 1050 1014 1130 denique
1060 1071 1099 1111 a
1144 1050 1442 1112 Martiale
1485 1050 1860 1113 venationes
1917 1069 2222 1129 aprorum
2284 1069 2604 1131 suumque

414 1152 501 1232 (V
529 1152 632 1231 65)
682 1154 1089 1216 dammarum
1138 1151 1249 1233 (IV
1273 1152 1377 1228 35,
1427 1153 1505 1215 cf.
1536 1152 1625 1215 IV
1652 1153 1756 1232 74)
1802 1153 1882 1215 al.
1918 1163 2532 1215 commemorantur.

588 1255 774 1337 Quae
819 1268 1162 1339 supersunt
1208 1259 1410 1339 epigr.
1462 1258 1703 1320 nullam
1750 1257 1937 1320 nobis
2000 1256 2316 1337 praebent
2375 1276 2602 1319 ansam

413 1380 494 1422 ne
561 1361 986 1442 probabiliter
1052 1363 1316 1443 quidem
1385 1362 1818 1424 constituendi
1897 1360 2209 1442 temporis
2276 1381 2407 1441 quo
2474 1361 2606 1423 sint

413 1466 782 1546 conscripta
829 1467 1066 1528 nedum
1115 1475 1291 1528 certe
1336 1464 1700 1528 definiendi.
1772 1466 1944 1528 Nam
1970 1465 2412 1547 spectaculum
2438 1466 2604 1546 ep.5

415 1570 813 1650 descriptum
859 1570 1038 1650 quod
1063 1569 1341 1632 Neronis
1387 1578 1684 1649 tempore
1729 1590 1867 1632 esse
1901 1571 2126 1632 datum
2162 1567 2338 1632 Suet.
2375 1578 2606 1631 auctor

414 1672 603 1735 nobis
647 1683 745 1736 est
802 1673 898 1753 (cf.
944 1674 1054 1736 vit.
1107 1673 1257 1736 Ner.
1312 1673 1434 1752 12),
1494 1683 1561 1735 et
1607 1673 1740 1736 Titi
1787 1684 1854 1736 et
1898 1673 2258 1736 Domitiani
2306 1682 2605 1753 tempore

413 1776 601 1838 facile
670 1779 871 1860 repeti
940 1778 1170 1859 potuit.
1290 1775 1621 1859 Scriptum
1690 1779 1861 1839 enim
1927 1798 2067 1840 esse
2149 1776 2351 1857 epigr.
2439 1775 2600 1838 illud

410 1880 691 1945 Neronis
736 1883 864 1944 iam
912 1902 1075 1944 aevo
1099 1917 1182 1925 -—
1207 1882 1502 1961 quamvis
1550 1881 1781 1943 mediis
1825 1880 1956 1963 fere
2002 1881 2259 1962 septimi
2307 1880 2600 1942 decennii

412 1986 595 2046 annis
642 1985 954 2049 Martialis
1001 1988 1128 2048 iam
1163 1985 1417 2047 Roma'c
1444 1976 1823 2048 ‘versaretur
1868 2020 1949 2028 —-
1998 1986 2141 2066 quis
2186 1985 2355 2046 serio
2400 1985 2600 2046 credi-

414 2087 623 2151 derit?
669 2090 971 2153 Mulieres
1016 2110 1165 2152 cum
1212 2088 1421 2152 beluis
1465 2109 1790 2169 pugnasse
1835 2090 2021 2151 sicuti
2069 2090 2133 2149 in
2178 2088 2603 2169 sequentibus

348 2176 353 2181 .
412 2213 514 2274 ep.
565 2198 605 2255 6
650 2204 716 2256 et
761 2191 838 2256 6⁵
883 2194 1159 2275 legimus
1205 2203 1270 2254 et
1316 2192 1436 2253 sub
1485 2192 1643 2254 Tito
1700 2213 1814 2254 usu
1862 2193 2111 2255 venisse
2173 2203 2239 2254 et
2298 2192 2419 2254 sub
2467 2192 2599 2255 Do·

418 2297 687 2361 mitiano
748 2298 1016 2380 aliisque
1077 2295 1579 2379 imperatoribus
1600 2294 1675 2377 3⁶)
1729 2316 1941 2359 rerum
2005 2297 2353 2379 scriptores
2413 2296 2605 2360 nobis

370 2412 563 2464 sunt
609 2412 821 2465 testes.
912 2403 1009 2483 (cf.
1058 2402 1189 2465 Dio
1234 2401 1458 2464 LXVI
1482 2402 1602 2481 253
1653 2400 1827 2464 Suet.
1878 2402 2074 2464 Dom.
2124 2401 2203 2481 4).

594 2505 833 2570 Simile.
874 2509 1031 2570 dein
1092 2506 1537 2589 spectaculum
1600 2516 1795 2587 atque
1855 2506 1917 2568 in
1977 2526 2075 2588 ep.
2127 2506 2165 2568 8
2229 2526 2267 2566 a
2316 2504 2491 2567 Suet.
2540 2505 2604 2566 in

413 2611 549 2671 vita
593 2610 741 2673 Ner.
796 2611 1067 2673 relatum
1112 2612 1408 2674 videmus
1454 2610 1554 2690 (cf.
1605 2631 1658 2672 c.
1699 2610 1834 2690 12);
1881 2611 1995 2672 sed
2042 2609 2196 2672 talia
2240 2617 2416 2670 certe
2462 2606 2603 2669 aliis

416 2735 676 2796 quoque
723 2715 1124 2796 temporibus
1168 2715 1524 2797 perusitata
1569 2723 1768 2777 erant.
1836 2714 2018 2776 Idem
2041 2713 2215 2775 valet
2261 2713 2342 2773 de
2387 2731 2486 2791 ep.
2519 2711 2605 2775 10

416 2818 516 2900 (cf.
567 2819 696 2881 Iuv.
745 2829 862 2881 sat.
910 2818 1066 2881 XIV
1111 2819 1270 2898 2463
1320 2817 1483 2884 Stat.
1534 2817 1773 2880 Achill.
1824 2817 1852 2878 I
1899 2818 2025 2881 858
2072 2817 2207 2897 sq.).

593 2922 1053 3003 Spectaculum
1101 2924 1228 2985 tale
1274 2923 1463 3003 quale
1520 2930 2068 2985 commemoratur
2123 2939 2225 3000 ep.
2274 2917 2353 2980 21
2405 2918 2481 2996 (v.
2534 2917 2603 2999 6)

414 3028 596 3107 sequi
641 3027 986 3090 videbatur
1031 3028 1433 3108 congiarium
1496 3027 1745 3107 populo
1790 3024 2109 3106 spectanti
2156 3024 2400 3083 datum.
2495 3019 2602 3081 De

416 3132 574 3193 Tito
599 3132 731 3193 Dio
754 3130 971 3193 LXVI
1001 3133 1081 3194 15
1128 3140 1343 3193 narrat
1388 3132 1614 3192 iecisse
1660 3150 1808 3191 eum
1855 3130 2131 3209 desuper
2176 3128 2239 3188 in
2275 3126 2599 3188 theatrum

415 3231 659 3319 σφαίρια
720 3232 915 3306 ξύλινα
962 3233 1137 3318 μικροὶ
1186 3231 1473 3317 σύμβολον
1521 3232 1733 3318 ἔχοντα
1777 3231 1841 3294 τὸ
1882 3229 1986 3314 μὲν
2032 3226 2406 3313 ἐδωδίμου
2451 3227 2603 3299 τινὸς

413 3338 480 3400 τὸ
528 3336 593 3401 δὲ
653 3340 900 3421 ἐσθῆτος
957 3337 1020 3400 τὸ
1081 3335 1147 3400 δὲ
1203 3334 1457 3421 ἀργυροῦ
1527 3335 1783 3412 σκεύους,
1854 3331 2000 3398 ἄλλο
2073 3338 2312 3420 χρυσοῦ,
2384 3331 2600 3408 ἵππων,

418 3438 758 3525 ὑποζυγίων,
835 3440 1237 3526 βοσκημάτων,
1295 3438 1693 3524 ἀνδραπόδων,
1755 3444 1893 3520 κτλς
1988 3441 2069 3502 de
2136 3439 2333 3501 Dom.
2423 3439 2597 3500 idem

412 3546 671 3609 LXVII
715 3548 759 3609 4
822 3546 937 3616 τοῖς
993 3568 1057 3607 τε
1116 3542 1433 3627 θεωμένοις
1494 3543 1679 3629 συχνοὶ
1740 3543 1836 3606 διὰ
1882 3552 1992 3606 τῶν
2039 3540 2323 3628 σφαιρίων
2370 3538 2600 3622 ἐδίδου;

414 3652 499 3713 de
545 3650 771 3712 avibus
815 3650 927 3713 tali
976 3651 1176 3712 modo
1221 3638 1467 3730 populo
1512 3650 1834 3710 concessis
1881 3647 2034 3710 nihil
2081 3648 2345 3728 quidem
2386 3647 2597 3722 refert,

411 3754 530 3817 sed
599 3753 785 3832 facile
853 3755 1151 3816 omittere
1219 3752 1431 3833 potuit
1500 3751 1625 3813 hoc
1694 3750 1933 3814 illudve
2006 3751 2314 3832 congiarii
2375 3770 2595 3830 genus,

408 3930 503 3938 ——-—
550 3931 571 3932 j
598 3931 609 3934 -
656 3930 795 3935 ⁴2-——,

591 4027 657 4094 ⁸⁵)
694 4026 948 4081 Severum
988 4029 1205 4080 demum
1230 4025 1472 4080 vetuisse
1509 4025 1642 4079 tales
1680 4025 1967 4078 mulierum
2005 4041 2130 4078 oum
2165 4025 2356 4079 bestiis
2394 4039 2601 4092 pugnas

409 4115 519 4168 Dio
574 4116 747 4167 narrat
784 4112 995 4167 LXXV
1035 4119 1099 4171 16
1148 4115 1238 4167 καὶ
1275 4111 1362 4167 διὰ
1398 4110 1530 4167 τοῦτ’
1578 4110 1820 4184 ἐκωλύθη
1861 4115 2048 4185 μηκέτι
2086 4112 2343 4184 μηδεμίαν
2383 4116 2602 4182 γυναῖκα

336 4237 343 4244 -
413 4197 723 4276 μηδμμόθεν
764 4205 1100 4274 μονομαχεῖν.
