3031 4640
2467 315 2549 376 37

364 494 596 555 crebro
651 493 805 555 solis
866 492 1081 554 radios
1137 491 1483 553 demittens
1544 511 1579 551 e
1636 491 1914 552 rosaceis
1972 488 2305 550 fruticibus
2368 488 2488 550 illis
2507 488 2551 566 ὃ)

365 597 558 660 flores
603 598 832 659 elicere
881 596 1142 658 minime
1187 595 1474 676 potuisse
1520 615 1667 656 cum
1699 593 1963 655 evidens
1993 591 2159 671 sit,⁶)
2207 592 2368 654 tales
2398 612 2552 655 vero

362 701 609 763 hiemes
655 719 951 782 perrarae
997 699 1188 761 fuisse
1230 699 1573 761 videantur
1592 696 1633 772 τ)
1697 733 1774 742 —-
1839 697 2037 759 semel
2084 697 2253 758 enim
2301 706 2549 758 tantum

361 806 572 867 simile
617 805 989 887 prodigium
1036 813 1466 866 memoratum
1513 802 1756 864 inveni:
1808 802 1871 863 in
1905 800 2300 881 Crinagorae
2345 801 2545 882 epigr.

360 911 566 973 Anth.
614 909 746 971 Pal.
810 909 897 972 VI
953 907 1082 971 345
1102 907 1147 987 8)
1211 943 1292 951 ——
1354 927 1481 969 non
1541 927 1756 969 errore
1817 906 2016 967 credo
2077 904 2439 967 tenebimur
2497 906 2548 966 si

360 1024 707 1094 utrumque
752 1014 952 1095 epigr.
1006 1010 1113 1089 (VI
1160 1010 1244 1072 80
1289 1021 1354 1072 et
1399 1010 1557 1073 XIII
1585 1010 1730 1091 127)
1778 1010 1861 1072 ad
1910 1029 2101 1071 unam
2148 1009 2549 1090 eandemque

359 1117 644 1180 hiemem
691 1117 1054 1179 referemus.

536 1374 584 1442 ⁵)
621 1374 900 1427 Paestanis
937 1375 995 1426 in
1037 1372 1244 1441 primis,
1294 1388 1415 1425 nam
1464 1371 1578 1424 illic
1626 1372 1795 1424 fuisse
1843 1372 2042 1425 rosaria
2089 1370 2192 1423 late
2229 1370 2550 1437 pertinentia.

357 1461 492 1514 satis
542 1463 766 1528 constat,
828 1461 893 1513 cf.
943 1476 1025 1527 ep.
1075 1458 1155 1512 IV
1190 1460 1345 1522 42103
1396 1455 1448 1508 V
1483 1458 1616 1523 37⁹3
1665 1456 1747 1508 IX
1784 1458 1915 1523 60⁴3
1988 1456 2207 1512 Anthol.
2256 1456 2370 1509 Lat.
2420 1455 2447 1507 I
2499 1461 2547 1521 1,

357 1564 408 1598 n·
454 1548 617 1613 132⁴3
653 1546 679 1599 I
716 1552 748 1602 2
783 1564 836 1600 n.
877 1547 1052 1604 64611.

536 1632 576 1701 6)
617 1633 951 1701 Quamquam
1000 1650 1029 1686 e
1082 1631 1450 1700 compluribus
1499 1630 1635 1684 locis
1699 1629 1962 1683 discimus
2011 1646 2114 1682 non
2171 1628 2345 1682 solum
2400 1645 2545 1683 rosas

356 1721 459 1788 (ep.
497 1719 574 1772 IV
595 1726 662 1777 ‘22
676 1720 767 1788 516)
803 1722 899 1774 sed
934 1721 1095 1773 etiam
1133 1722 1243 1773 tota
1262 1718 1497 1785 pomaria
1533 1716 1666 1785 (VII
1687 1717 1771 1786 14)
1811 1717 2217 1784 vindemiasque
2249 1715 2544 1786 (VII1685)

355 1806 556 1859 talibus
595 1806 962 1874 specularibus
994 1822 1156 1874 puros
1176 1804 1588 1859 admittentibus
1608 1803 1748 1857 soles
1769 1803 2036 1857 subducta
2054 1819 2171 1857 esse
2191 1804 2545 1857 adurentibus

353 1893 572 1946 brumae
621 1894 783 1959 auriS,
833 1895 1064 1946 attamen
1113 1892 1170 1944 in
1218 1891 1521 1946 aedificulis
1571 1890 1940 1958 specularibus
1990 1889 2217 1944 obtectis
2267 1892 2544 1945 Caesarem

353 1982 529 2033 roseta
565 1980 773 2033 sevisse
811 1996 944 2047 quae
981 1979 1163 2032 minus
1199 1979 1512 2046 indulgente
1550 1977 1689 2030 lenis
1726 1977 2011 2031 cuiusdam
2029 1978 2229 2030 hiemis
2250 1978 2361 2032 sole
2382 1995 2543 2047 quam

353 2065 525 2119 calore
543 2066 838 2120 arteficiose
855 2066 912 2118 in
932 2065 1130 2119 talibus
1150 2065 1521 2133 specularibus
1541 2067 1811 2131 procreato
1830 2065 2010 2118 excita
2028 2080 2263 2131 gemmas
2283 2081 2540 2133 rosasque

355 2158 724 2220 procreassent
778 2170 844 2206 ne
898 2168 1023 2205 cum
1059 2152 1256 2205 Friedl.
1296 2153 1526 2204 statuam
1579 2150 1750 2204 altera
1795 2167 1880 2204 me
1935 2168 2003 2203 ex
2059 2154 2204 2219 parte
2260 2151 2543 2219 prohibent

361 2255 552 2292 versus
589 2245 618 2295 7
658 2240 713 2292 et
747 2244 781 2296 8
817 2255 899 2306 ep.
938 2244 1033 2296 80:
1848 2286 1852 2291 .

562 2327 656 2381 Sic
692 2344 1110 2395 quacunque
1145 2342 1370 2395 vayus
1405 2342 1758 2395 yressamqae
1794 2327 2079 2395 oculosque
2113 2327 2342 2394 ferebat,

667 2413 1087 2468 Tonsilibus
1123 2414 1340 2467 sertis
1377 2428 1564 2466 omne
1599 2413 1900 2466 rubebat
1936 2414 2108 2478 iter,

353 2499 518 2552 altera
552 2516 621 2552 ex
658 2502 803 2567 parte
841 2530 908 2537 -—
946 2498 1003 2551 id
1041 2497 1183 2566 quod
1221 2499 1420 2551 summi
1458 2497 1594 2551 mihi
1631 2498 1889 2551 momenti
1911 2499 2126 2552 videtur
2160 2517 2281 2554 esse
2321 2532 2386 2538 ——
2424 2503 2541 2569 ipsa

350 2584 445 2639 illa
480 2589 663 2654 poetae
700 2586 861 2638 verba
896 2585 1066 2639 Nunc
1112 2588 1233 2640 tua
1267 2587 1427 2651 facta
1461 2602 1589 2640 rosa
1627 2592 1720 2639 est.
1817 2585 1951 2638 Cum
1989 2586 2133 2639 enim
2170 2591 2347 2655 aperte
2384 2588 2539 2645 Mart.

349 2672 596 2725 aduletur
631 2671 938 2726 Domitiano
976 2675 1227 2738 tanquam
1262 2687 1410 2725 rosae
1447 2672 1571 2725 illae
1608 2688 1715 2725 non
1753 2672 1861 2724 iam
1900 2675 1959 2725 ut
1994 2675 2147 2725 antea
2185 2676 2401 2726 naturae
2440 2676 2534 2727 sed

351 2758 590 2812 Caesaris
628 2759 810 2826 potius
847 2756 1035 2811 divina
1070 2759 1328 2825 potestate
1366 2762 1569 2813 creatae
1608 2762 1735 2826 sint,
1790 2759 2083 2812 adulationi
2132 2759 2216 2812 illi
2253 2760 2393 2812 nihil
2431 2762 2536 2813 iam

348 2847 513 2899 restat
551 2845 746 2899 valoris
783 2846 832 2898 si
870 2845 926 2897 in
963 2845 1186 2898 aedibus
1224 2845 1414 2921 vitreis
1452 2849 1594 2900 ortas
1630 2861 1719 2899 eas
1756 2861 1877 2899 esse
1914 2845 2200 2900 credimus,

524 2931 563 2999 7)
600 2930 922 2984 Praesertim
988 2947 1112 2984 cum
1181 2930 1238 2983 in
1304 2932 1624 2985 universum
1689 2933 1777 3001 (cf.
1833 2931 2050 2998 Nissen,
2114 2934 2233 2987 ital.
2285 2934 2537 2988 Larodes-

348 3019 530 3076 kunde
565 3018 592 3070 I
626 3023 729 3075 400
766 3019 867 3085 sq.)
904 3017 1112 3070 hiemes
1148 3016 1367 3070 Italicae
1405 3017 1621 3071 illorum
1664 3020 1966 3086 temporum
2016 3018 2186 3071 multo
2234 3018 2537 3086 frigidiores

348 3104 549 3156 fuerint
586 3120 744 3171 quam
780 3105 962 3156 nostro
999 3119 1146 3156 aevo.
1186 3103 1253 3156 cf.
1293 3103 1445 3155 Mart.
1483 3103 1560 3156 IV
1605 3110 1684 3162 18.
1762 3104 1904 3169 Quin
1941 3105 2104 3157 etiam
2140 3121 2168 3156 e
2206 3104 2384 3157 tabula
2420 3109 2537 3159 acta

347 3191 409 3244 fr.
448 3194 578 3243 Arv.
616 3190 742 3243 anni
780 3193 844 3246 81
885 3190 1191 3242 continente
1243 3190 1597 3257 conspicuum
1634 3190 1827 3252 Martio
1876 3191 2037 3244 etiam
2087 3206 2268 3243 mense
2317 3208 2533 3258 magnas

346 3276 560 3329 nivium
613 3275 780 3329 moles
834 3275 978 3327 haud
1031 3274 1305 3327 inauditas
1368 3276 1567 3329 fuisse:
1636 3278 1700 3329 cf.
1757 3276 1978 3331 Henzen
2032 3279 2067 3329 l.
2124 3295 2172 3331 c.
2238 3295 2322 3346 pg.
2379 3276 2533 3331 CIX:

353 3364 436 3418 M.
478 3362 678 3417 Raecio
720 3363 914 3427 Coelio,
977 3362 1032 3416 G.
1072 3363 1224 3416 Iulio
1260 3363 1544 3428 Iuvenale,
1594 3363 2014 3432 co(n)s(alibu3)
2054 3365 2184 3418 IIII
2213 3367 2531 3432 k(alendas)

353 3450 628 3519 Apr(iles)
686 3453 747 3502 in
801 3450 921 3503 luco
976 3449 1110 3502 deae
1144 3448 1294 3502 Diae
1341 3451 1635 3517 piaculum
1691 3452 1906 3516 sactum
1971 3465 2070 3518 per
2124 3450 2424 3506 kalatdrem
2483 3460 2535 3508 et

342 3535 593 3604 publicos
631 3538 748 3589 eius
784 3535 1058 3590 sacerdoti
1095 3535 1159 3589 ob
1197 3535 1422 3589 arbores
1460 3553 1602 3605 quae
1639 3558 1673 3591 a
1712 3543 2029 3606 tempestate
2046 3540 2192 3592 ‘nivis
2212 3539 2343 3593 deci<

341 3623 657 3689 expiandas
695 3613 744 3688 qss
783 3637 829 3675 S.
1291 3629 1296 3635 '

517 3710 558 3777 ⁸)
598 3708 632 3763 i.
669 3725 715 3761 e.
763 3710 998 3775 tempore
1034 3706 1229 3762 Tiberii
1271 3708 1683 3775 sequentiumve
1720 3709 2030 3777 principum
2069 3710 2286 3778 scripto.

340 3811 523 3863 goram
558 3795 704 3848 enim
750 3809 869 3848 esse
918 3795 1126 3861 poetam
1176 3794 1529 3848 vetustiorem
1564 3793 1807 3850 Martiale
1846 3796 2087 3850 Geistius
2137 3796 2196 3848 in
2250 3797 2343 3850 dis:

342 3880 584 3951 Κήποις.
634 3899 683 3938 v.
722 3881 906 3950 Mityl.
962 3896 1046 3947 pg.
1085 3885 1153 3938 30
1189 3896 1259 3933 ex
1294 3896 1378 3947 ep.
1418 3880 1582 3933 Anth.
1619 3880 1768 3935 Plan.
1805 3883 1886 3935 IV
1924 3889 1993 3942 40
2029 3884 2247 3952 probare
2296 3886 2343 3935 st

347 3969 438 4020 cui
479 3966 540 4020 Ο.
578 3966 736 4019 Jahn.
773 3967 1088 4020 adsentitur.
1164 3967 1308 4032 Quid
1345 3968 1418 4021 sit
1453 3968 1806 4022 iudicandum
1844 3970 1909 4023 de
1947 3970 2127 4023 verbis
2163 3972 2331 4038 epigr.

340 4052 494 4107 citati
567 4054 790 4125 γείτονες
825 4055 1025 4125 τρισσαὶ
1062 4052 1230 4129 Τύχαι
1279 4057 1332 4109 et
1383 4052 1517 4110 ἀλλὰ
1566 4058 1656 4109 καὶ
1705 4057 1756 4110 αἱ
1806 4054 2014 4110 πάντων
2066 4062 2228 4118 πᾶσαι
2277 4056 2343 4107 in*

343 4139 401 4191 in
428 4140 487 4192 Ο.
510 4139 698 4192 Jahmi
736 4139 1168 4194 commentariolo
1186 4142 1404 4197 Satura
1440 4142 1498 4194 in
1518 4141 1699 4195 Herm.
1724 4141 1828 4195 vol.
1849 4141 1904 4193 Π
1923 4142 2101 4210 (1867)
2121 4159 2206 4210 pg.
2227 4147 2329 4197 245
