<?xml version="1.0" encoding="UTF-8"?>
<!DOCTYPE html PUBLIC "-//W3C//DTD XHTML 1.0 Transitional//EN"
    "http://www.w3.org/TR/xhtml1/DTD/xhtml1-transitional.dtd">
<html xmlns="http://www.w3.org/1999/xhtml" xml:lang="en" lang="en">
 <head>
  <title>
</title>
<meta http-equiv="Content-Type" content="text/html;charset=utf-8" />
  <meta name='ocr-system' content='tesseract 3.04.00' />
  <meta name='ocr-capabilities' content='ocr_page ocr_carea ocr_par ocr_line ocrx_word'/>
</head>
<body>
  <div class='ocr_page' id='page_1' title='image "./demvaleriimarti00daugoog_0011.png"; bbox 0 0 3031 4640; ppageno 0'>
   <div class='ocr_carea' id='block_1_1' title="bbox 194 536 809 706">
    <p class='ocr_par' dir='ltr' id='par_1_1' title="bbox 194 536 809 706">
     <span class='ocr_line' id='line_1_1' title="bbox 194 536 809 632; baseline 0.003 -34"><span class='ocrx_word' id='word_1_1' title='bbox 194 536 340 632; x_wconf 91' lang='lat' dir='ltr'><strong>VII.</strong></span> <span class='ocrx_word' id='word_1_2' title='bbox 363 559 443 600; x_wconf 88' lang='lat' dir='ltr'><strong>m.</strong></span> <span class='ocrx_word' id='word_1_3' title='bbox 457 539 617 601; x_wconf 88' lang='lat' dir='ltr'><strong>Dee.</strong></span> <span class='ocrx_word' id='word_1_4' title='bbox 635 560 690 601; x_wconf 89' lang='lat' dir='ltr'><strong>a.</strong></span> <span class='ocrx_word' id='word_1_5' title='bbox 708 539 809 602; x_wconf 89' lang='grc'><strong>92.</strong></span> 
     </span>
     <span class='ocr_line' id='line_1_2' title="bbox 194 640 778 706; baseline 0 -3"><span class='ocrx_word' id='word_1_6' title='bbox 194 640 375 705; x_wconf 84' lang='lat' dir='ltr'><strong>VIII.</strong></span> <span class='ocrx_word' id='word_1_7' title='bbox 399 653 565 706; x_wconf 88' lang='lat' dir='ltr'><strong>auct.</strong></span> <span class='ocrx_word' id='word_1_8' title='bbox 592 664 646 705; x_wconf 89' lang='lat' dir='ltr'><strong>a.</strong></span> <span class='ocrx_word' id='word_1_9' title='bbox 675 643 778 705; x_wconf 85' lang='lat'><strong>93.</strong></span> 
     </span>
    </p>
   </div>
   <div class='ocr_carea' id='block_1_2' title="bbox 233 744 777 809">
    <p class='ocr_par' dir='ltr' id='par_1_2' title="bbox 233 744 777 809">
     <span class='ocr_line' id='line_1_3' title="bbox 233 744 777 809; baseline 0 -1"><span class='ocrx_word' id='word_1_10' title='bbox 233 744 350 808; x_wconf 90' lang='lat' dir='ltr'><strong>IX.</strong></span> <span class='ocrx_word' id='word_1_11' title='bbox 402 757 676 809; x_wconf 87' lang='lat' dir='ltr'><strong>exeunte</strong></span> <span class='ocrx_word' id='word_1_12' title='bbox 724 768 777 808; x_wconf 88' lang='lat' dir='ltr'><strong>a.</strong></span> 
     </span>
    </p>
   </div>
   <div class='ocr_carea' id='block_1_3' title="bbox 404 850 506 912">
    <p class='ocr_par' dir='ltr' id='par_1_3' title="bbox 404 850 506 912">
     <span class='ocr_line' id='line_1_4' title="bbox 404 850 506 912; baseline 0 0"><span class='ocrx_word' id='word_1_13' title='bbox 404 850 506 912; x_wconf 75' lang='lat'><strong>94.</strong></span> 
     </span>
    </p>
   </div>
   <div class='ocr_carea' id='block_1_4' title="bbox 441 974 818 1140">
    <p class='ocr_par' dir='ltr' id='par_1_4' title="bbox 441 974 818 1140">
     <span class='ocr_line' id='line_1_5' title="bbox 444 974 818 1055; baseline 0 -21"><span class='ocrx_word' id='word_1_14' title='bbox 444 974 495 1034; x_wconf 94' lang='lat'><strong>1.</strong></span> <span class='ocrx_word' id='word_1_15' title='bbox 517 975 694 1055; x_wconf 89' lang='lat' dir='ltr'><strong>prior</strong></span> <span class='ocrx_word' id='word_1_16' title='bbox 718 975 818 1034; x_wconf 85' lang='lat' dir='ltr'><strong>ed.</strong></span> 
     </span>
     <span class='ocr_line' id='line_1_6' title="bbox 441 1086 814 1140; baseline -0.005 0"><span class='ocrx_word' id='word_1_17' title='bbox 441 1086 719 1140; x_wconf 85' lang='lat' dir='ltr'><strong>exeunte</strong></span> <span class='ocrx_word' id='word_1_18' title='bbox 761 1097 814 1138; x_wconf 91' lang='lat' dir='ltr'><strong>a.</strong></span> 
     </span>
    </p>
   </div>
   <div class='ocr_carea' id='block_1_5' title="bbox 442 1180 823 1555">
    <p class='ocr_par' dir='ltr' id='par_1_5' title="bbox 442 1180 823 1555">
     <span class='ocr_line' id='line_1_7' title="bbox 592 1180 693 1242; baseline 0 0"><span class='ocrx_word' id='word_1_19' title='bbox 592 1180 693 1242; x_wconf 80' lang='lat'><strong>95.</strong></span> 
     </span>
     <span class='ocr_line' id='line_1_8' title="bbox 463 1283 792 1348; baseline -0.009 -1"><span class='ocrx_word' id='word_1_20' title='bbox 463 1288 520 1348; x_wconf 89' lang='grc'><strong>2.</strong></span> <span class='ocrx_word' id='word_1_21' title='bbox 550 1283 792 1347; x_wconf 89' lang='lat' dir='ltr'><strong>anthol.</strong></span> 
     </span>
     <span class='ocr_line' id='line_1_9' title="bbox 442 1385 823 1452; baseline -0.008 -1"><span class='ocrx_word' id='word_1_22' title='bbox 442 1410 529 1452; x_wconf 86' lang='lat' dir='ltr'><strong>ex</strong></span> <span class='ocrx_word' id='word_1_23' title='bbox 549 1388 615 1450; x_wconf 91' lang='lat' dir='ltr'>X</span> <span class='ocrx_word' id='word_1_24' title='bbox 633 1397 699 1450; x_wconf 87' lang='lat' dir='ltr'><strong>et</strong></span> <span class='ocrx_word' id='word_1_25' title='bbox 722 1385 823 1448; x_wconf 89' lang='lat' dir='ltr'><strong>XI</strong></span> 
     </span>
     <span class='ocr_line' id='line_1_10' title="bbox 444 1492 817 1555; baseline -0.008 0"><span class='ocrx_word' id='word_1_26' title='bbox 444 1515 526 1555; x_wconf 93' lang='lat' dir='ltr'><strong>m.</strong></span> <span class='ocrx_word' id='word_1_27' title='bbox 550 1492 741 1554; x_wconf 87' lang='lat' dir='ltr'><strong>Febr.</strong></span> <span class='ocrx_word' id='word_1_28' title='bbox 765 1512 817 1553; x_wconf 91' lang='lat' dir='ltr'><strong>a.</strong></span> 
     </span>
    </p>
   </div>
   <div class='ocr_carea' id='block_1_6' title="bbox 485 1596 770 1765">
    <p class='ocr_par' dir='ltr' id='par_1_6' title="bbox 485 1596 770 1765">
     <span class='ocr_line' id='line_1_11' title="bbox 574 1596 674 1659; baseline -0.02 0"><span class='ocrx_word' id='word_1_29' title='bbox 574 1596 674 1659; x_wconf 84' lang='lat'><strong>98.</strong></span> 
     </span>
     <span class='ocr_line' id='line_1_12' title="bbox 485 1701 770 1765; baseline -0.011 0"><span class='ocrx_word' id='word_1_30' title='bbox 485 1702 543 1765; x_wconf 87' lang='lat'><strong>3.</strong></span> <span class='ocrx_word' id='word_1_31' title='bbox 569 1701 770 1764; x_wconf 89' lang='lat' dir='ltr'><strong>altera</strong></span> 
     </span>
    </p>
   </div>
   <div class='ocr_carea' id='block_1_7' title="bbox 281 1461 364 1524">
    <p class='ocr_par' dir='ltr' id='par_1_7' title="bbox 281 1461 364 1524">
     <span class='ocr_line' id='line_1_13' title="bbox 281 1461 364 1524; baseline -0.012 0"><span class='ocrx_word' id='word_1_32' title='bbox 281 1461 364 1524; x_wconf 89' lang='lat' dir='ltr'><strong>X.</strong></span> 
     </span>
    </p>
   </div>
   <div class='ocr_carea' id='block_1_8' title="bbox 538 1906 1151 1973">
    <p class='ocr_par' dir='ltr' id='par_1_8' title="bbox 538 1906 1151 1973">
     <span class='ocr_line' id='line_1_14' title="bbox 538 1906 1151 1973; baseline -0.007 0"><span class='ocrx_word' id='word_1_33' title='bbox 538 1932 591 1973; x_wconf 89' lang='lat' dir='ltr'><strong>a.</strong></span> <span class='ocrx_word' id='word_1_34' title='bbox 632 1910 735 1973; x_wconf 90' lang='grc'><strong>99.</strong></span> <span class='ocrx_word' id='word_1_35' title='bbox 949 1930 1002 1971; x_wconf 89' lang='grc'><strong>3.</strong></span> <span class='ocrx_word' id='word_1_36' title='bbox 1049 1906 1151 1971; x_wconf 90' lang='grc'><strong>98.</strong></span> 
     </span>
    </p>
   </div>
   <div class='ocr_carea' id='block_1_9' title="bbox 240 2034 981 2202">
    <p class='ocr_par' dir='ltr' id='par_1_9' title="bbox 240 2034 981 2202">
     <span class='ocr_line' id='line_1_15' title="bbox 240 2034 981 2099; baseline -0.001 -1"><span class='ocrx_word' id='word_1_37' title='bbox 240 2034 358 2098; x_wconf 90' lang='lat' dir='ltr'><strong>XI.</strong></span> <span class='ocrx_word' id='word_1_38' title='bbox 408 2035 662 2099; x_wconf 86' lang='lat' dir='ltr'><strong>Saturn.</strong></span> <span class='ocrx_word' id='word_1_39' title='bbox 706 2052 759 2091; x_wconf 90' lang='lat' dir='ltr'><strong>a.</strong></span> <span class='ocrx_word' id='word_1_40' title='bbox 899 2054 981 2097; x_wconf 89' lang='lat' dir='ltr'><strong>m.</strong></span> 
     </span>
     <span class='ocr_line' id='line_1_16' title="bbox 406 2139 508 2202; baseline -0.02 0"><span class='ocrx_word' id='word_1_41' title='bbox 406 2139 508 2202; x_wconf 87' lang='grc'><strong>96.</strong></span> 
     </span>
    </p>
   </div>
   <div class='ocr_carea' id='block_1_10' title="bbox 443 2240 1103 3346">
    <p class='ocr_par' dir='ltr' id='par_1_10' title="bbox 443 2240 1103 2721">
     <span class='ocr_line' id='line_1_17' title="bbox 492 2240 1103 2323; baseline -0.011 -18"><span class='ocrx_word' id='word_1_42' title='bbox 492 2242 546 2305; x_wconf 95' lang='lat'><strong>1.</strong></span> <span class='ocrx_word' id='word_1_43' title='bbox 587 2240 788 2323; x_wconf 83' lang='lat' dir='ltr'><strong>epigr.</strong></span> <span class='ocrx_word' id='word_1_44' title='bbox 1021 2277 1103 2285; x_wconf 89' lang='lat'><strong>—-</strong></span> 
     </span>
     <span class='ocr_line' id='line_1_18' title="bbox 443 2349 823 2430; baseline -0.013 -20"><span class='ocrx_word' id='word_1_45' title='bbox 443 2349 620 2430; x_wconf 84' lang='lat' dir='ltr'><strong>prius</strong></span> <span class='ocrx_word' id='word_1_46' title='bbox 653 2365 823 2407; x_wconf 90' lang='lat' dir='ltr'><strong>com-</strong></span> 
     </span>
     <span class='ocr_line' id='line_1_19' title="bbox 530 2452 743 2533; baseline -0.009 -21"><span class='ocrx_word' id='word_1_47' title='bbox 530 2452 743 2533; x_wconf 84' lang='lat' dir='ltr'><strong>posita</strong></span> 
     </span>
     <span class='ocr_line' id='line_1_20' title="bbox 490 2556 775 2617; baseline -0.007 0"><span class='ocrx_word' id='word_1_48' title='bbox 490 2556 656 2617; x_wconf 90' lang='lat' dir='ltr'><strong>med.</strong></span> <span class='ocrx_word' id='word_1_49' title='bbox 694 2575 775 2616; x_wconf 90' lang='lat' dir='ltr'><strong>m.</strong></span> 
     </span>
     <span class='ocr_line' id='line_1_21' title="bbox 555 2657 704 2721; baseline -0.02 1"><span class='ocrx_word' id='word_1_50' title='bbox 555 2657 704 2721; x_wconf 90' lang='lat' dir='ltr'><strong>Oct.</strong></span> 
     </span>
    </p>

    <p class='ocr_par' dir='ltr' id='par_1_11' title="bbox 476 2763 788 3346">
     <span class='ocr_line' id='line_1_22' title="bbox 516 2763 767 2826; baseline -0.008 -1"><span class='ocrx_word' id='word_1_51' title='bbox 516 2784 570 2825; x_wconf 86' lang='lat' dir='ltr'><strong>a.</strong></span> <span class='ocrx_word' id='word_1_52' title='bbox 624 2763 767 2826; x_wconf 84' lang='lat'><strong>101.</strong></span> 
     </span>
     <span class='ocr_line' id='line_1_23' title="bbox 485 2867 785 2948; baseline -0.01 -18"><span class='ocrx_word' id='word_1_53' title='bbox 485 2868 545 2930; x_wconf 93' lang='grc'><strong>2.</strong></span> <span class='ocrx_word' id='word_1_54' title='bbox 585 2867 785 2948; x_wconf 84' lang='lat' dir='ltr'><strong>epigr.</strong></span> 
     </span>
     <span class='ocr_line' id='line_1_24' title="bbox 496 2955 788 3032; baseline -0.003 0"><span class='ocrx_word' id='word_1_55' title='bbox 496 2955 788 3032; x_wconf 82' lang='lat' dir='ltr'><strong>Romam</strong></span> 
     </span>
     <span class='ocr_line' id='line_1_25' title="bbox 545 3071 748 3136; baseline -0.005 0"><span class='ocrx_word' id='word_1_56' title='bbox 545 3071 748 3136; x_wconf 81' lang='lat' dir='ltr'><strong>missa</strong></span> 
     </span>
     <span class='ocr_line' id='line_1_26' title="bbox 476 3177 781 3260; baseline 0 -20"><span class='ocrx_word' id='word_1_57' title='bbox 476 3199 557 3240; x_wconf 91' lang='lat' dir='ltr'><strong>m.</strong></span> <span class='ocrx_word' id='word_1_58' title='bbox 606 3177 781 3260; x_wconf 83' lang='lat' dir='ltr'><strong>Sept.</strong></span> 
     </span>
     <span class='ocr_line' id='line_1_27' title="bbox 519 3283 761 3346; baseline -0.004 -2"><span class='ocrx_word' id='word_1_59' title='bbox 519 3303 572 3344; x_wconf 92' lang='lat' dir='ltr'><strong>a.</strong></span> <span class='ocrx_word' id='word_1_60' title='bbox 623 3283 761 3346; x_wconf 78' lang='lat'><strong>102.</strong></span> 
     </span>
    </p>
   </div>
   <div class='ocr_carea' id='block_1_11' title="bbox 220 2781 373 2844">
    <p class='ocr_par' dir='ltr' id='par_1_12' title="bbox 220 2781 373 2844">
     <span class='ocr_line' id='line_1_28' title="bbox 220 2781 373 2844; baseline 0 0"><span class='ocrx_word' id='word_1_61' title='bbox 220 2781 373 2844; x_wconf 89' lang='lat' dir='ltr'><strong>XII.</strong></span> 
     </span>
    </p>
   </div>
   <div class='ocr_carea' id='block_1_12' title="bbox 925 2888 1173 3035">
    <p class='ocr_par' dir='ltr' id='par_1_13' title="bbox 925 2888 1173 3035">
     <span class='ocr_line' id='line_1_29' title="bbox 974 2888 1121 2931; baseline -0.014 0"><span class='ocrx_word' id='word_1_62' title='bbox 974 2888 1121 2931; x_wconf 87' lang='lat' dir='ltr'><strong>vere</strong></span> 
     </span>
     <span class='ocr_line' id='line_1_30' title="bbox 925 2973 1173 3035; baseline -0.008 0"><span class='ocrx_word' id='word_1_63' title='bbox 925 2994 980 3035; x_wconf 91' lang='lat' dir='ltr'><strong>a.</strong></span> <span class='ocrx_word' id='word_1_64' title='bbox 1035 2973 1173 3035; x_wconf 81' lang='lat'><strong>101.</strong></span> 
     </span>
    </p>
   </div>
   <div class='ocr_carea' id='block_1_13' title="bbox 477 1701 1200 1869">
    <p class='ocr_par' dir='ltr' id='par_1_14' title="bbox 477 1701 1200 1869">
     <span class='ocr_line' id='line_1_31' title="bbox 920 1701 1175 1764; baseline -0.008 -2"><span class='ocrx_word' id='word_1_65' title='bbox 920 1701 1175 1764; x_wconf 87' lang='lat' dir='ltr'><strong>ineunte</strong></span> 
     </span>
     <span class='ocr_line' id='line_1_32' title="bbox 477 1804 1200 1869; baseline -0.006 0"><span class='ocrx_word' id='word_1_66' title='bbox 477 1808 576 1869; x_wconf 90' lang='lat' dir='ltr'><strong>ed.</strong></span> <span class='ocrx_word' id='word_1_67' title='bbox 626 1826 776 1868; x_wconf 87' lang='lat' dir='ltr'><strong>vere</strong></span> <span class='ocrx_word' id='word_1_68' title='bbox 890 1804 992 1867; x_wconf 87' lang='lat' dir='ltr'><strong>vel</strong></span> <span class='ocrx_word' id='word_1_69' title='bbox 1032 1804 1200 1866; x_wconf 87' lang='lat' dir='ltr'><strong>med.</strong></span> 
     </span>
    </p>
   </div>
   <div class='ocr_carea' id='block_1_14' title="bbox 957 2034 1242 2199">
    <p class='ocr_par' dir='ltr' id='par_1_15' title="bbox 957 2034 1242 2199">
     <span class='ocr_line' id='line_1_33' title="bbox 1043 2034 1242 2137; baseline -0.015 -42"><span class='ocrx_word' id='word_1_70' title='bbox 1043 2034 1204 2095; x_wconf 86' lang='lat' dir='ltr'><strong>Dee.</strong></span> <span class='ocrx_word' id='word_1_71' title='bbox 1224 2118 1242 2137; x_wconf 83' lang='lat'><strong>.</strong></span> 
     </span>
     <span class='ocr_line' id='line_1_34' title="bbox 957 2136 1165 2199; baseline 0.005 -1"><span class='ocrx_word' id='word_1_72' title='bbox 957 2158 1011 2198; x_wconf 85' lang='lat' dir='ltr'><strong>a.</strong></span> <span class='ocrx_word' id='word_1_73' title='bbox 1032 2173 1037 2178; x_wconf 85' lang='grc'><em>·</em></span> <span class='ocrx_word' id='word_1_74' title='bbox 1062 2136 1165 2199; x_wconf 91' lang='grc'><strong>96.</strong></span> 
     </span>
    </p>
   </div>
   <div class='ocr_carea' id='block_1_15' title="bbox 1498 678 1580 687">
    <p class='ocr_par' dir='ltr' id='par_1_16' title="bbox 1498 678 1580 687">
     <span class='ocr_line' id='line_1_35' title="bbox 1498 678 1580 687; baseline -0.037 0"><span class='ocrx_word' id='word_1_75' title='bbox 1498 678 1580 687; x_wconf 80' lang='grc'><strong>--</strong></span> 
     </span>
    </p>
   </div>
   <div class='ocr_carea' id='block_1_16' title="bbox 1270 746 1789 827">
    <p class='ocr_par' dir='ltr' id='par_1_17' title="bbox 1270 746 1789 827">
     <span class='ocr_line' id='line_1_36' title="bbox 1270 746 1789 827; baseline 0 -17"><span class='ocrx_word' id='word_1_76' title='bbox 1270 750 1528 811; x_wconf 88' lang='lat' dir='ltr'><strong>ineunte</strong></span> <span class='ocrx_word' id='word_1_77' title='bbox 1556 769 1609 810; x_wconf 90' lang='lat' dir='ltr'><strong>a.</strong></span> <span class='ocrx_word' id='word_1_78' title='bbox 1627 746 1789 827; x_wconf 61' lang='lat'>946²)</span> 
     </span>
    </p>
   </div>
   <div class='ocr_carea' id='block_1_17' title="bbox 1500 1011 1583 1019">
    <p class='ocr_par' dir='ltr' id='par_1_18' title="bbox 1500 1011 1583 1019">
     <span class='ocr_line' id='line_1_37' title="bbox 1500 1011 1583 1019; baseline -0.012 0"><span class='ocrx_word' id='word_1_79' title='bbox 1500 1011 1583 1019; x_wconf 73' lang='lat'><strong>.—</strong></span> 
     </span>
    </p>
   </div>
   <div class='ocr_carea' id='block_1_18' title="bbox 1864 537 2748 811">
    <p class='ocr_par' dir='ltr' id='par_1_19' title="bbox 1864 537 2748 811">
     <span class='ocr_line' id='line_1_38' title="bbox 1864 537 2413 602; baseline 0 -1"><span class='ocrx_word' id='word_1_80' title='bbox 1864 561 1945 601; x_wconf 89' lang='lat' dir='ltr'><strong>m.</strong></span> <span class='ocrx_word' id='word_1_81' title='bbox 1998 540 2157 602; x_wconf 89' lang='lat' dir='ltr'><strong>Dee.</strong></span> <span class='ocrx_word' id='word_1_82' title='bbox 2207 559 2262 601; x_wconf 94' lang='lat' dir='ltr'><strong>a.</strong></span> <span class='ocrx_word' id='word_1_83' title='bbox 2313 537 2413 601; x_wconf 88' lang='grc'><strong>92.</strong></span> 
     </span>
     <span class='ocr_line' id='line_1_39' title="bbox 1864 641 2285 706; baseline -0.005 0"><span class='ocrx_word' id='word_1_84' title='bbox 1864 645 2032 706; x_wconf 91' lang='lat' dir='ltr'><strong>med.</strong></span> <span class='ocrx_word' id='word_1_85' title='bbox 2083 664 2137 705; x_wconf 88' lang='lat' dir='ltr'><strong>a.</strong></span> <span class='ocrx_word' id='word_1_86' title='bbox 2186 641 2285 705; x_wconf 82' lang='lat'><strong>93.</strong></span> 
     </span>
     <span class='ocr_line' id='line_1_40' title="bbox 1864 746 2748 811; baseline -0.002 0"><span class='ocrx_word' id='word_1_87' title='bbox 1864 749 2031 811; x_wconf 90' lang='lat' dir='ltr'><strong>med.</strong></span> <span class='ocrx_word' id='word_1_88' title='bbox 2077 748 2179 811; x_wconf 87' lang='lat' dir='ltr'><strong>vel</strong></span> <span class='ocrx_word' id='word_1_89' title='bbox 2226 756 2506 809; x_wconf 85' lang='lat' dir='ltr'><strong>exeunte</strong></span> <span class='ocrx_word' id='word_1_90' title='bbox 2552 766 2606 808; x_wconf 90' lang='lat' dir='ltr'><strong>a.</strong></span> <span class='ocrx_word' id='word_1_91' title='bbox 2646 746 2748 809; x_wconf 84' lang='lat'><strong>94.</strong></span> 
     </span>
    </p>
   </div>
   <div class='ocr_carea' id='block_1_19' title="bbox 1866 972 2525 1037">
    <p class='ocr_par' dir='ltr' id='par_1_20' title="bbox 1866 972 2525 1037">
     <span class='ocr_line' id='line_1_41' title="bbox 1866 972 2525 1037; baseline -0.005 -1"><span class='ocrx_word' id='word_1_92' title='bbox 1866 995 2061 1037; x_wconf 77' lang='lat' dir='ltr'><strong>menS.</strong></span> <span class='ocrx_word' id='word_1_93' title='bbox 2107 974 2267 1036; x_wconf 88' lang='lat' dir='ltr'><strong>Dee.</strong></span> <span class='ocrx_word' id='word_1_94' title='bbox 2317 994 2372 1034; x_wconf 90' lang='lat' dir='ltr'><strong>a.</strong></span> <span class='ocrx_word' id='word_1_95' title='bbox 2428 972 2525 1036; x_wconf 83' lang='lat'><strong>95.</strong></span> 
     </span>
    </p>
   </div>
   <div class='ocr_carea' id='block_1_20' title="bbox 1866 1287 2073 1349">
    <p class='ocr_par' dir='ltr' id='par_1_21' title="bbox 1866 1287 2073 1349">
     <span class='ocr_line' id='line_1_42' title="bbox 1866 1287 2073 1349; baseline -0.005 -1"><span class='ocrx_word' id='word_1_96' title='bbox 1866 1308 1920 1348; x_wconf 87' lang='lat' dir='ltr'><strong>a.</strong></span> <span class='ocrx_word' id='word_1_97' title='bbox 1972 1287 2073 1349; x_wconf 88' lang='grc'><strong>97.</strong></span> 
     </span>
    </p>
   </div>
   <div class='ocr_carea' id='block_1_21' title="bbox 1872 1702 2297 1768">
    <p class='ocr_par' dir='ltr' id='par_1_22' title="bbox 1872 1702 2297 1768">
     <span class='ocr_line' id='line_1_43' title="bbox 1872 1702 2297 1768; baseline -0.002 -3"><span class='ocrx_word' id='word_1_98' title='bbox 1872 1705 2040 1765; x_wconf 88' lang='lat' dir='ltr'><strong>med.</strong></span> <span class='ocrx_word' id='word_1_99' title='bbox 2090 1724 2145 1765; x_wconf 93' lang='lat' dir='ltr'><strong>a.</strong></span> <span class='ocrx_word' id='word_1_100' title='bbox 2195 1702 2297 1768; x_wconf 83' lang='lat'><strong>98.</strong></span> 
     </span>
    </p>
   </div>
   <div class='ocr_carea' id='block_1_22' title="bbox 1871 2026 2653 2113">
    <p class='ocr_par' dir='ltr' id='par_1_23' title="bbox 1871 2026 2653 2113">
     <span class='ocr_line' id='line_1_44' title="bbox 1871 2026 2653 2113; baseline -0.008 -18"><span class='ocrx_word' id='word_1_101' title='bbox 1871 2055 1952 2095; x_wconf 88' lang='lat' dir='ltr'><strong>m.</strong></span> <span class='ocrx_word' id='word_1_102' title='bbox 2000 2035 2159 2096; x_wconf 87' lang='lat' dir='ltr'><strong>Dee.</strong></span> <span class='ocrx_word' id='word_1_103' title='bbox 2212 2032 2396 2113; x_wconf 87' lang='lat' dir='ltr'><strong>(Sat.)</strong></span> <span class='ocrx_word' id='word_1_104' title='bbox 2444 2053 2498 2093; x_wconf 87' lang='lat' dir='ltr'><strong>a.</strong></span> <span class='ocrx_word' id='word_1_105' title='bbox 2550 2026 2653 2093; x_wconf 84' lang='lat'><strong>96.</strong></span> 
     </span>
    </p>
   </div>
   <div class='ocr_carea' id='block_1_23' title="bbox 2135 2240 2800 2346">
    <p class='ocr_par' dir='ltr' id='par_1_24' title="bbox 2135 2240 2800 2346">
     <span class='ocr_line' id='line_1_45' title="bbox 2135 2240 2800 2346; baseline -0.003 -43"><span class='ocrx_word' id='word_1_106' title='bbox 2135 2279 2210 2288; x_wconf 90' lang='lat'><strong>—·</strong></span> <span class='ocrx_word' id='word_1_107' title='bbox 2461 2240 2477 2346; x_wconf 54' lang='grc' dir='ltr'><strong>ιι</strong></span> <span class='ocrx_word' id='word_1_108' title='bbox 2508 2260 2589 2302; x_wconf 87' lang='lat' dir='ltr'><strong>m.</strong></span> <span class='ocrx_word' id='word_1_109' title='bbox 2641 2240 2800 2302; x_wconf 90' lang='lat' dir='ltr'><strong>Dee.</strong></span> 
     </span>
    </p>
   </div>
   <div class='ocr_carea' id='block_1_24' title="bbox 2337 2345 2902 2460">
    <p class='ocr_par' dir='ltr' id='par_1_25' title="bbox 2337 2345 2902 2460">
     <span class='ocr_line' id='line_1_46' title="bbox 2337 2345 2902 2460; baseline -0.002 -52"><span class='ocrx_word' id='word_1_110' title='bbox 2337 2407 2352 2418; x_wconf 28' lang='grc' dir='ltr'>χ</span> <span class='ocrx_word' id='word_1_111' title='bbox 2461 2349 2477 2460; x_wconf 59' lang='lat'><strong>3!</strong></span> <span class='ocrx_word' id='word_1_112' title='bbox 2525 2366 2578 2407; x_wconf 88' lang='lat' dir='ltr'><strong>a.</strong></span> <span class='ocrx_word' id='word_1_113' title='bbox 2634 2345 2775 2409; x_wconf 88' lang='lat'><strong>101.</strong></span> <span class='ocrx_word' id='word_1_114' title='bbox 2894 2421 2902 2427; x_wconf 38' lang='grc'><strong>,</strong></span> 
     </span>
    </p>
   </div>
   <div class='ocr_carea' id='block_1_25' title="bbox 2452 2416 2485 3353">
    <p class='ocr_par' dir='ltr' id='par_1_26' title="bbox 2452 2416 2485 3353">
     <span class='ocr_line' id='line_1_47' title="bbox 2452 2416 2485 3353; baseline 0 0"><span class='ocrx_word' id='word_1_115' title='bbox 2452 2416 2485 3353; x_wconf 95' lang='lat' dir='ltr'><strong> </strong></span> 
     </span>
    </p>
   </div>
   <div class='ocr_carea' id='block_1_26' title="bbox 1862 2847 2464 2932">
    <p class='ocr_par' dir='ltr' id='par_1_27' title="bbox 1862 2847 2464 2958">
     <span class='ocr_line' id='line_1_48' title="bbox 1862 2847 2464 2932; baseline -0.002 -2"><span class='ocrx_word' id='word_1_116' title='bbox 1862 2871 2044 2932; x_wconf 75' lang='lat' dir='ltr'><strong>initio</strong></span> <span class='ocrx_word' id='word_1_117' title='bbox 2091 2890 2144 2929; x_wconf 78' lang='lat' dir='ltr'><strong>a.</strong></span> <span class='ocrx_word' id='word_1_118' title='bbox 2204 2869 2340 2930; x_wconf 81' lang='lat'><strong>102.</strong></span> <span class='ocrx_word' id='word_1_119' title='bbox 2460 2847 2464 2872; x_wconf 74' lang='lat'><em>²</em></span> 
     </span>
    </p>
   </div>
   <div class='ocr_carea' id='block_1_27' title="bbox 411 3543 2598 4264">
    <p class='ocr_par' dir='ltr' id='par_1_28' title="bbox 411 3543 2598 4264">
     <span class='ocr_line' id='line_1_49' title="bbox 583 3543 2593 3641; baseline 0.001 -20"><span class='ocrx_word' id='word_1_120' title='bbox 583 3543 1109 3641; x_wconf 81' lang='lat' dir='ltr'>Haudquaquam</span> <span class='ocrx_word' id='word_1_121' title='bbox 1157 3560 1353 3640; x_wconf 91' lang='lat' dir='ltr'><strong>igitur</strong></span> <span class='ocrx_word' id='word_1_122' title='bbox 1397 3557 1682 3621; x_wconf 87' lang='lat' dir='ltr'><strong>Alcinoo</strong></span> <span class='ocrx_word' id='word_1_123' title='bbox 1728 3569 1798 3623; x_wconf 90' lang='lat' dir='ltr'><strong>ut</strong></span> <span class='ocrx_word' id='word_1_124' title='bbox 1843 3561 2021 3623; x_wconf 90' lang='lat' dir='ltr'><strong>aiunt</strong></span> <span class='ocrx_word' id='word_1_125' title='bbox 2066 3579 2266 3640; x_wconf 88' lang='lat' dir='ltr'><strong>poma</strong></span> <span class='ocrx_word' id='word_1_126' title='bbox 2314 3558 2497 3621; x_wconf 90' lang='lat' dir='ltr'><strong>dabit</strong></span> <span class='ocrx_word' id='word_1_127' title='bbox 2542 3563 2593 3623; x_wconf 85' lang='lat' dir='ltr'><strong>si</strong></span> 
     </span>
     <span class='ocr_line' id='line_1_50' title="bbox 413 3663 2595 3745; baseline 0 -20"><span class='ocrx_word' id='word_1_128' title='bbox 413 3665 554 3744; x_wconf 84' lang='lat' dir='ltr'><strong>quis</strong></span> <span class='ocrx_word' id='word_1_129' title='bbox 601 3664 872 3725; x_wconf 82' lang='lat' dir='ltr'><strong>certiora</strong></span> <span class='ocrx_word' id='word_1_130' title='bbox 917 3664 1240 3745; x_wconf 82' lang='lat' dir='ltr'>quaedam</span> <span class='ocrx_word' id='word_1_131' title='bbox 1288 3663 1526 3724; x_wconf 90' lang='lat' dir='ltr'><strong>indicia</strong></span> <span class='ocrx_word' id='word_1_132' title='bbox 1571 3664 1824 3726; x_wconf 87' lang='lat' dir='ltr'><strong>adicere</strong></span> <span class='ocrx_word' id='word_1_133' title='bbox 1878 3673 2145 3725; x_wconf 88' lang='lat' dir='ltr'><strong>conetur</strong></span> <span class='ocrx_word' id='word_1_134' title='bbox 2202 3663 2438 3745; x_wconf 86' lang='lat' dir='ltr'><strong>quibus</strong></span> <span class='ocrx_word' id='word_1_135' title='bbox 2493 3664 2595 3726; x_wconf 90' lang='lat' dir='ltr'><strong>vel</strong></span> 
     </span>
     <span class='ocr_line' id='line_1_51' title="bbox 417 3767 2594 3849; baseline 0 -20"><span class='ocrx_word' id='word_1_136' title='bbox 417 3768 624 3829; x_wconf 87' lang='lat' dir='ltr'><strong>minus</strong></span> <span class='ocrx_word' id='word_1_137' title='bbox 670 3777 969 3829; x_wconf 88' lang='lat' dir='ltr'><strong>accurate</strong></span> <span class='ocrx_word' id='word_1_138' title='bbox 1027 3767 1465 3848; x_wconf 83' lang='lat' dir='ltr'><strong>pervestigata</strong></span> <span class='ocrx_word' id='word_1_139' title='bbox 1512 3768 1932 3848; x_wconf 83' lang='lat' dir='ltr'><strong>suppleantur</strong></span> <span class='ocrx_word' id='word_1_140' title='bbox 1990 3768 2092 3830; x_wconf 84' lang='lat' dir='ltr'><strong>vel</strong></span> <span class='ocrx_word' id='word_1_141' title='bbox 2150 3777 2374 3849; x_wconf 89' lang='lat' dir='ltr'><strong>aperte</strong></span> <span class='ocrx_word' id='word_1_142' title='bbox 2433 3768 2594 3831; x_wconf 82' lang='lat' dir='ltr'><strong>falso</strong></span> 
     </span>
     <span class='ocr_line' id='line_1_52' title="bbox 413 3863 2594 3953; baseline 0 -20"><span class='ocrx_word' id='word_1_143' title='bbox 413 3871 740 3953; x_wconf 89' lang='lat' dir='ltr'><strong>disputata</strong></span> <span class='ocrx_word' id='word_1_144' title='bbox 805 3880 1178 3951; x_wconf 86' lang='lat' dir='ltr'><strong>retegantur</strong></span> <span class='ocrx_word' id='word_1_145' title='bbox 1237 3872 1805 3953; x_wconf 89' lang='lat' dir='ltr'><strong>emendenturque.</strong></span> <span class='ocrx_word' id='word_1_146' title='bbox 1922 3863 2069 3933; x_wconf 87' lang='lat' dir='ltr'><strong>Hoc</strong></span> <span class='ocrx_word' id='word_1_147' title='bbox 2139 3892 2369 3933; x_wconf 83' lang='lat' dir='ltr'><strong>munus</strong></span> <span class='ocrx_word' id='word_1_148' title='bbox 2438 3873 2594 3934; x_wconf 86' lang='lat' dir='ltr'><strong>dum</strong></span> 
     </span>
     <span class='ocr_line' id='line_1_53' title="bbox 412 3973 2598 4056; baseline 0 -20"><span class='ocrx_word' id='word_1_149' title='bbox 412 3976 760 4056; x_wconf 88' lang='lat' dir='ltr'><strong>aggredior</strong></span> <span class='ocrx_word' id='word_1_150' title='bbox 818 3975 993 4037; x_wconf 89' lang='lat' dir='ltr'>haud</span> <span class='ocrx_word' id='word_1_151' title='bbox 1055 3973 1273 4035; x_wconf 84' lang='lat' dir='ltr'><strong>nescio</strong></span> <span class='ocrx_word' id='word_1_152' title='bbox 1331 3974 1395 4035; x_wconf 90' lang='lat' dir='ltr'><strong>in</strong></span> <span class='ocrx_word' id='word_1_153' title='bbox 1451 3984 1634 4037; x_wconf 87' lang='lat' dir='ltr'><strong>tanta</strong></span> <span class='ocrx_word' id='word_1_154' title='bbox 1690 3976 2072 4038; x_wconf 88' lang='lat' dir='ltr'><strong>indiciorum</strong></span> <span class='ocrx_word' id='word_1_155' title='bbox 2133 3975 2422 4037; x_wconf 87' lang='lat' dir='ltr'><strong>exilitate</strong></span> <span class='ocrx_word' id='word_1_156' title='bbox 2467 3995 2598 4056; x_wconf 89' lang='lat' dir='ltr'><strong>qua</strong></span> 
     </span>
     <span class='ocr_line' id='line_1_54' title="bbox 411 4076 2594 4160; baseline -0 -21"><span class='ocrx_word' id='word_1_157' title='bbox 411 4080 526 4141; x_wconf 88' lang='lat' dir='ltr'><strong>viri</strong></span> <span class='ocrx_word' id='word_1_158' title='bbox 612 4080 787 4142; x_wconf 90' lang='lat' dir='ltr'><strong>docti</strong></span> <span class='ocrx_word' id='word_1_159' title='bbox 870 4076 1387 4160; x_wconf 85' lang='lat' dir='ltr'><strong>impediebantur</strong></span> <span class='ocrx_word' id='word_1_160' title='bbox 1467 4099 1546 4140; x_wconf 90' lang='lat' dir='ltr'><strong>ne</strong></span> <span class='ocrx_word' id='word_1_161' title='bbox 1628 4079 1892 4141; x_wconf 84' lang='lat' dir='ltr'><strong>densam</strong></span> <span class='ocrx_word' id='word_1_162' title='bbox 1975 4079 2316 4160; x_wconf 87' lang='lat' dir='ltr'><strong>caliginem</strong></span> <span class='ocrx_word' id='word_1_163' title='bbox 2393 4079 2594 4140; x_wconf 87' lang='lat' dir='ltr'><strong>oculis</strong></span> 
     </span>
     <span class='ocr_line' id='line_1_55' title="bbox 415 4181 2594 4264; baseline -0.001 -21"><span class='ocrx_word' id='word_1_164' title='bbox 415 4182 789 4245; x_wconf 88' lang='lat' dir='ltr'><strong>obvolutam</strong></span> <span class='ocrx_word' id='word_1_165' title='bbox 835 4189 1323 4263; x_wconf 88' lang='lat' dir='ltr'><strong>perrumperent</strong></span> <span class='ocrx_word' id='word_1_166' title='bbox 1371 4202 1474 4243; x_wconf 90' lang='lat' dir='ltr'><strong>me</strong></span> <span class='ocrx_word' id='word_1_167' title='bbox 1521 4203 1779 4264; x_wconf 91' lang='lat' dir='ltr'><strong>quoque</strong></span> <span class='ocrx_word' id='word_1_168' title='bbox 1826 4182 2182 4264; x_wconf 85' lang='lat' dir='ltr'><strong>quaestioni</strong></span> <span class='ocrx_word' id='word_1_169' title='bbox 2230 4191 2362 4244; x_wconf 86' lang='lat' dir='ltr'><strong>tam</strong></span> <span class='ocrx_word' id='word_1_170' title='bbox 2428 4181 2594 4242; x_wconf 90' lang='lat' dir='ltr'><strong>intri-</strong></span> 
     </span>
    </p>
   </div>
  </div>
 </body>
</html>
