3031 4640
2468 333 2551 397 47

365 532 592 594 pacem
643 509 817 571 nullo
863 510 990 571 iam
1040 510 1412 571 imminente
1458 507 1634 570 bello
1680 507 1918 570 diutius
1963 528 2101 570 esse
2141 509 2551 587 duraturam3

365 617 431 678 id
498 615 675 696 quod
745 596 1016 675 aliorum
1103 613 1240 676 libr.
1332 612 1821 694 epigrammatis
1903 633 2164 692 prorsus
2242 612 2546 674 firmatur.

364 718 691 782 Prioribus
721 717 818 778 VI
865 715 1041 779 libris
1088 719 1167 780 de
1224 703 1388 798 paee
1435 718 1700 778 omnino
1745 716 1900 778 nihil
1949 717 2215 796 dicitur3
2263 718 2345 778 de
2390 736 2553 798 pace

365 823 611 885 Dacica
657 822 901 903 primus
946 830 1045 884 est
1090 821 1271 883 locus
1306 820 1431 882 VII
1477 820 1570 883 80
1591 820 1613 855 ¹
1661 819 2013 899 (Quatenus
2059 818 2374 901 ‘Odrysios
2418 821 2551 881 iam

346 938 349 941 '
349 939 498 1009 pax
520 926 817 988 Romana
846 926 1085 987 triones
1117 926 1138 1003 ΙΙ
1186 925 1533 1006 Temperat
1572 935 1635 986 et
1663 926 1925 987 tetricae
1949 926 2299 986 conticuere
2320 924 2547 1003 tubae).

365 1033 446 1094 de
491 1029 854 1093 Sarmatica
886 1030 1044 1091 VIII
1096 1029 1218 1094 15¹³
1275 1030 1432 1106 (Nec
1477 1031 1692 1091 minor
1737 1030 1863 1091 ista
1907 1038 2055 1090 tuae
2098 1028 2328 1090 laurea
2361 1029 2552 1107 pacis

365 1137 549 1212 erat).
679 1134 785 1196 De
850 1135 1071 1215 quieta
1116 1155 1271 1196 vero
1331 1119 1639 1214 certaque
1701 1154 1864 1214 pace
1925 1134 2076 1195 inde
2135 1153 2173 1194 a
2230 1131 2395 1192 libro
2454 1129 2552 1193 IX

366 1240 630 1301 demum
677 1257 891 1300 sermo
937 1248 1066 1325 est:

296 1398 305 1405 .
363 1340 459 1404 IX
478 1341 620 1405 70⁷:
672 1340 876 1404 ,Nulla
922 1342 1149 1404 ducum
1176 1344 1449 1422 feritaS.
1500 1341 1679 1404 nulla
1726 1350 1822 1402 est
1862 1341 2121 1401 insania
2147 1341 2345 1419 ferri
2355 1362 2377 1413 ;

760 1446 873 1507 Pa
888 1467 920 1507 c
938 1468 972 1508 e
996 1447 1160 1527 frui
1201 1468 1231 1507 c
1244 1468 1278 1507 e
1296 1469 1334 1507 r
1351 1457 1429 1508 ta
1475 1435 1840 1524 laetztiaque
1885 1445 2045 1506 licet.

363 1548 460 1611 IX
476 1547 618 1612 994:
676 1549 922 1611 Gloria.
970 1571 1162 1631 quam
1198 1552 1430 1632 genuit
1457 1551 1648 1630 pacis
1694 1549 1960 1610 alumna
2005 1549 2198 1628 quies

363 1653 599 1716 Addas
644 1652 742 1715 IX
791 1655 908 1716 101
934 1652 987 1689 ‘³¹

685 1757 948 1838 Templa
996 1757 1154 1818 deis.
1205 1779 1415 1819 mores
1447 1758 1685 1838 populo
1731 1757 1921 1818 dedit.
1972 1758 2098 1818 otia
2125 1758 2348 1836 ferro,
2452 1818 2454 1820 .

366 1860 475 1922 ubi
521 1861 721 1923 verba
768 1860 994 1923 ultima
1039 1871 1334 1943 spectare
1365 1880 1493 1922 non
1525 1869 1797 1941 possunt
1828 1862 1945 1923 nisi
1979 1870 2276 1941 tempora
2306 1859 2549 1921 bellum

371 1962 803 2026 Sarmaticum
850 1965 1323 2046 subsequentia.
1346 1961 1430 2047 ς39)

543 2068 982 2132 Confirmatur
1045 2051 1281 2131 talibus
1339 2068 1497 2130 locis
1559 2067 1813 2150 Stangii
1877 2070 2353 2150 argumentatio
2371 2065 2454 2152 3⁰)
2514 2088 2550 2128 e

365 2171 556 2234 Statii
635 2173 769 2235 silv.
842 2173 936 2235 IV
1012 2177 1037 2234 1
1081 2170 1131 2207 ¹4
1209 2172 1351 2234 coll.
1435 2193 1584 2234 cum
1664 2173 1852 2235 Mart.
1924 2171 1992 2236 X
2059 2172 2144 2236 28
2195 2173 2544 2235 deducta:

361 2274 704 2339 Martialis
750 2277 937 2348 enim,
987 2276 1076 2340 ait
1127 2297 1235 2359 pg.
1298 2276 1400 2357 16,
1438 2298 1608 2339 -cum
1654 2276 1884 2341 Ianum
1937 2278 2302 2359 alloquatur
2346 2276 2544 2339 lzz'sce:

270 2405 273 2408 “
365 2380 479 2446 ,Αἰ
511 2391 576 2442 tu
607 2392 821 2443 sancte
850 2388 1073 2461 pater‘
1117 2404 1173 2462 q.
1202 2403 1251 2443 s,
1289 2383 1724 2460 pronuntiare
1766 2383 2223 2463 quodammodo
2267 2382 2545 2444 videtur.

358 2485 439 2545 id
485 2487 657 2566 quod
707 2486 774 2547 iu
829 2486 1107 2547 omnium
1164 2486 1277 2566 qui
1331 2495 1476 2548 tunc
1510 2488 1799 2566 fuerunt
1849 2487 2174 2549 hominum
2231 2486 2550 2548 desiderio

364 2600 527 2662 erat,
590 2599 661 2651 ut
717 2590 1001 2652 dedicato
1059 2591 1171 2652 illo
1228 2589 1378 2652 Iani
1429 2591 1662 2653 sacello
1708 2601 2027 2671 perpetua
2089 2591 2241 2653 urbi
2298 2600 2360 2650 et
2408 2588 2554 2650 orbi

345 2703 498 2772 pax
528 2703 907 2773 pareretur,
957 2693 1048 2756 ita
1073 2696 1252 2774 fere.
1303 2705 1374 2756 ut
1413 2696 1476 2756 si
1518 2695 1821 2757 divinare
1864 2694 2068 2756 liceat.
2106 2694 2546 2754 Domitianum

360 2798 569 2876 ipsum
635 2798 701 2858 in
768 2798 1115 2859 dedicando
1182 2799 1290 2860 illo
1356 2798 1620 2860 delubro
1687 2799 1999 2860 eiusmodi
2052 2808 2262 2859 votum
2301 2798 2549 2875 fecisse

356 2903 663 2982 suspicer.
2318 2890 2324 2893 ⁷

537 3004 725 3086 Quae
781 3025 931 3067 cum
987 3006 1078 3067 ita
1137 3006 1264 3067 sint
1319 3027 1450 3067 non
1506 3014 1655 3067 ante
1701 3014 2049 3067 exeuntem
2096 3025 2151 3066 a.
2201 3004 2285 3067 92
2333 3011 2546 3065 ortum
2619 2991 2624 2994 ’

360 3130 500 3171 esse
546 3130 645 3190 ep.
696 3109 781 3172 32
827 3130 946 3190 pro
1008 3120 1188 3171 certo
1249 3110 1478 3171 habeo,
1577 3107 1709 3171 Sed
1772 3108 2013 3170 leviora
2072 3107 2337 3170 forsitan
2393 3107 2548 3170 talia

339 3201 744 3295 vargumenta
788 3212 905 3274 tibi
952 3210 1291 3274 videantur
1335 3233 1530 3294 quam
1578 3211 1810 3293 quibus
1867 3213 2131 3274 nimiam
2192 3211 2546 3275 habeamus
2645 3271 2650 3278 .

363 3317 597 3392 fidem3
644 3325 1093 3378 removeantur
1136 3316 1413 3397 igitur'e
1461 3316 1696 3378 medio.

532 3420 648 3482 Ad
694 3419 969 3482 certiora
1015 3428 1314 3500 tempora
1346 3420 1692 3518 «referenda
1749 3432 1895 3483 sunt
1940 3443 2040 3503 ep.
2093 3423 2194 3496 60,
2246 3422 2345 3497 73,
2403 3423 2540 3486 179.

1352 3529 1361 3560 Κ

535 3642 602 3712 2⁹)
640 3642 765 3696 Silii
800 3642 979 3696 Italici
1015 3658 1208 3696 versus
1243 3640 1385 3695 XIV
1424 3648 1526 3701 685

673 3731 751 3785 At
784 3734 849 3785 ni
883 3748 1023 3785 cura
1056 3731 1168 3785 viri
1203 3731 1300 3799 qui
1334 3748 1486 3784 nwnc
1521 3732 1672 3786 dedit
1707 3734 1826 3786 otia
1861 3732 2068 3787 mundo

670 3817 968 3884 Effrenum
1005 3824 1215 3872 arceret
1249 3817 1561 3883 populanda·
1597 3825 1800 3872 cuncta
1834 3818 2095 3886 furorem,

675 3903 1000 3959 Nudassent
1037 3904 1239 3959 avidae
1275 3910 1560 3971 terrasque
1595 3903 1907 3975 fretumque
1942 3908 2183 3973 rapinae

358 3989 428 4042 ad
441 3987 675 4042 Nervam
696 3989 892 4044 melius
911 3990 1093 4043 referri
1106 3988 1476 4056 Buchwaldio,
1498 3997 1708 4059 quaest.
1722 3990 1924 4045 Siltan.
1946 4009 2033 4060 pg.
2054 3997 2274 4060 11—-13‚
2296 3995 2541 4048 concedo.

542 4075 608 4144 ³⁰)
643 4074 699 4127 in
756 4075 970 4129 dissert.
1037 4076 1104 4130 P.
1125 4076 1366 4143 Papinii
1382 4077 1559 4132 Statii
1593 4079 1903 4132 carminum
1940 4097 2083 4150 quae
2120 4081 2196 4134 ad
2230 4081 2359 4146 imp.
2380 4080 2542 4135 Dom.

251 4177 255 4179 ’
359 4167 630 4228 spectant,
667 4162 1068 4230 interpretatio,
1106 4178 1278 4231 progr.
1316 4178 1559 4231 gymnas.
1596 4162 1900 4217 Vitzthum.
1938 4181 1984 4218 a.
2025 4168 2176 4222 1887.
