3031 4640
2596 365 2677 429 13

485 538 767 619 undique
801 537 1061 600 Caesari
1109 537 1579 619 gratulationes
1621 539 2026 620 honoresque
2072 539 2569 601 decernerentur
2616 547 2685 603 et

486 643 622 724 ipse
681 642 907 705 merita
963 662 1080 704 sua
1136 643 1206 704 in
1264 641 1515 704 caelum
1578 641 1787 704 efferri
1832 642 2027 704 vellet
2085 642 2240 721 (Dio
2285 641 2542 705 LXVII
2586 643 2677 722 4),

484 766 697 808 rerum
743 767 783 809 a
827 746 1076 809 Domit.
1127 745 1443 808 factarum
1489 745 2040 827 praedicationem
2090 745 2191 824 (cf.
2243 745 2401 807 VIII
2447 745 2532 811 26
2554 743 2677 830 ⁵l03
2757 746 2766 753 ’

484 848 706 934 5O¹l53
750 847 974 934 54¹s23
1021 847 1341 934 65³l0.¹¹.;
1388 845 1634 932 78¹5]1⁶
1681 850 1850 928 cet.).

656 954 762 1016 De
808 953 1171 1017 delatorum
1219 953 1417 1016 exilio
1478 954 1657 1034 quod
1713 962 1946 1034 quarto
2004 953 2207 1033 epigr.
2260 951 2532 1015 relatum
2580 964 2680 1016 est

485 1065 743 1119 constat
819 1067 884 1120 et
955 1058 1181 1120 Titum
1262 1058 1570 1119 multasse
1636 1058 1927 1139 perditos
1995 1056 2139 1118 illos
2204 1056 2681 1138 sceleratosque

484 1160 777 1223 homines
844 1172 910 1225 et
977 1162 1427 1225 Domitianum
1498 1162 1844 1243 (prioribus
1911 1160 2158 1222 scilicet
2226 1160 2424 1235 anniS,
2496 1161 2675 1223 rabie

432 1264 858 1346 ,insaniaque
906 1267 1194 1329 nondum
1241 1264 1527 1344 exortis).
1623 1263 1839 1345 Quam
1887 1265 1973 1327 ob
2019 1284 2156 1326 rem
2214 1263 2370 1326 satis
2428 1265 2683 1326 videtur

492 1367 754 1429 difficile
829 1369 1188 1432 diiudicatu
1261 1370 1461 1432 utrius
1546 1367 1838 1431 Caesaris
1915 1368 1977 1430 in
2046 1367 2469 1449 nequissimos
2536 1367 2682 1431 illos

484 1472 1108 1536 animadversionem
1156 1474 1344 1536 Mart.
1409 1473 1514 1535 hic
1560 1473 1953 1549 laudaverit;
2023 1471 2147 1532 loci
2210 1471 2382 1533 enim
2447 1454 2680 1551 quibus

490 1576 854 1638 delatorum
902 1577 1158 1639 mentio·
1191 1576 1264 1638 fit
1310 1587 1696 1639 exactorum
1716 1576 1761 1655 ⁹)
1822 1595 1971 1637 cum
2034 1576 2098 1637 in
2144 1575 2508 1638 universum
2555 1574 2679 1637 hac

485 1680 567 1741 de
611 1701 680 1742 re
726 1690 926 1762 agant
967 1682 1242 1743 vixdum
1291 1680 1692 1745 confidenter
1735 1680 2062 1741 iudicandi
2108 1699 2330 1741 ansam
2369 1677 2682 1760 praebent

488 1781 702 1845 ullam.
797 1783 1281 1865 Argumentum
1342 1783 1500 1847 illud
1562 1804 1693 1864 quo
1738 1782 1975 1846 Friedl.
2038 1785 2102 1845 in
2147 1783 2289 1846 hist.
2341 1803 2497 1844 mor.
2548 1780 2686 1844 ΙΙΙὅ

487 1907 596 1967 pg.
666 1886 795 1950 426
874 1887 1176 1950 utebatur
1249 1897 1320 1950 ut
1389 1888 1748 1950 Domitiani
1832 1887 1937 1949 hic
2006 1886 2326 1949 delatores
2397 1885 2680 1965 intellegi

487 2011 680 2071 posse
730 1993 1097 2054 ostenderet
1144 1992 1195 2052 si
1243 1992 1387 2072 quis
1432 1991 1739 2073 amplecti
1786 1991 1941 2054 velit
1963 1991 2183 2052 videat
2205 2010 2285 2052 ne
2310 1991 2374 2052 in
2398 2010 2678 2052 errorem

490 2093 750 2156 incidat.
881 2094 1139 2158 Collato
1206 2095 1377 2157 enirn
1447 2094 1575 2156 illic
1637 2094 1953 2157 Martialis
2022 2093 2131 2156 illo
2198 2115 2361 2175 quae
2424 2106 2681 2174 semper

497 2199 777 2261 miseras
833 2199 1219 2261 sollicitabat
1271 2210 1418 2278 opes
1478 2217 1627 2259 curn
1679 2196 2076 2261 Suetoniano
2118 2199 2387 2280 fiscales
2446 2196 2677 2260 calum-

492 2303 637 2365 nias
721 2325 968 2384 magna
1048 2303 1575 2367 calumniantium
1629 2314 1841 2385 poena
1911 2304 2228 2384 repressit
2302 2303 2451 2365 inde
2533 2323 2679 2366 con-

430 2437 435 2446 *
491 2406 770 2469 cluserat
814 2417 1082 2488 optume
1129 2408 1445 2489 quadrare
1491 2408 1807 2472 Martialis
1866 2407 2064 2470 verba
2124 2409 2208 2469 ad
2257 2405 2547 2470 Suetonii
2596 2408 2678 2469 de

490 2510 849 2572 Domitiani
882 2512 1278 2574 delatoribus
1311 2512 1565 2573 indicia.
1633 2512 1775 2573 Iure
1798 2513 1969 2574 enirn
1997 2513 2356 2592 meritoque
2390 2512 2679 2573 dicemus
2769 2553 2774 2560 ‚

448 2857 453 2861 .
668 2785 707 2853 ⁵)
743 2785 987 2853 Integros
1035 2801 1127 2839 eos
1173 2786 1281 2838 huo
1329 2802 1616 2853 apponam:
1667 2784 1811 2838 Suet.
1861 2786 1926 2838 de
1963 2785 2082 2838 Tito
2120 2790 2179 2842 8:
2235 2786 2393 2838 Inter
2442 2786 2678 2840 adversa

493 2879 797 2938 temporum
833 2879 884 2926 et
919 2873 1189 2927 delatores
1225 2873 1688 2940 mandatoresque
1723 2879 1900 2939 eraut,
1939 2889 2005 2926 em
2042 2873 2265 2926 lieentia
2302 2875 2484 2926 veteri.
2554 2872 2676 2927 Hos

499 2960 721 3014 assidue
755 2961 818 3013 iu
852 2959 974 3024 foro
1009 2960 1243 3027 flagellis
1282 2976 1348 3013 ae
1381 2960 1626 3025 fustibus
1664 2956 1845 3013 caesos
1866 2975 1933 3012 ae
1949 2960 2239 3012 novissime
2257 2958 2543 3012 traductos
2560 2972 2661 3025 per

494 3048 890 3114 amphitheatri
927 3063 1158 3099 arenam
1193 3048 1403 3111 partim
1437 3046 1615 3099 subici
1651 3062 1718 3099 ae
1767 3046 1952 3099 venire
1998 3047 2307 3111 imperavit,
2356 3047 2565 3111 partim
2613 3046 2677 3099 in

497 3137 834 3199 asperrimas
870 3134 1188 3187 insularum
1224 3133 1398 3188 avehi.
1473 3131 1539 3183 de
1560 3130 1712 3183 Dom.
1734 3137 1794 3188 9:
1829 3131 2080 3185 Fiscales
2117 3130 2426 3185 calumnias
2462 3150 2671 3200 magua
2759 3201 2764 3206 ἡ

495 3221 964 3274 calumniantium
997 3233 1178 3286 poena
1213 3220 1472 3285 repressit
1487 3237 1504 3270 .·
1539 3218 1926 3286 ferebaturque
1948 3233 2055 3270 vox
2072 3218 2190 3270 eius
2226 3257 2259 3283 „
2269 3218 2540 3283 Princeps
2577 3220 2675 3287 qui

490 3305 759 3364 delatores
794 3322 910 3359 ‘nou
945 3307 1202 3373 castigat,
1238 3304 1489 3360 irritat.“
1508 3302 1697 3357 —ssDio
1717 3303 1862 3358 Cass.
1902 3302 1966 3354 de
2000 3301 2119 3355 Tito
2157 3301 2362 3371 (LXVI
2381 3307 2443 3360 21
2485 3304 2673 3373 extr.):

487 3390 609 3452 τούς
662 3412 720 3446 τε
776 3390 1007 3465 μηνυτὰς
1057 3388 1303 3463 ἐξήλασεν
1355 3392 1414 3443 ἐκ
1450 3396 1544 3464 τῆς
1581 3388 1798 3450 πόλεως.
1871 3389 1935 3442 de
1972 3388 2125 3443 Dom.
2165 3389 2400 3459 (LXVII
2440 3390 2492 3461 1)
2534 3387 2671 3445 οὕτω

487 3476 584 3552 γὰρ
624 3474 837 3540 ἄπιστος
885 3482 974 3532 καὶ
1028 3477 1155 3552 πρὸς
1211 3474 1399 3537 αὐτοὺς
1451 3476 1574 3538 τοὺς
1628 3478 2000 3552 χαριζομένους
2053 3496 2206 3529 τι...
2263 3479 2493 3549 ἐγένετο,
2552 3474 2669 3532 ὥσθ’

489 3562 650 3620 ὁπότε
704 3570 836 3626 τινὲς
903 3561 938 3637 ἢ
994 3563 1244 3640 χρήματα
1307 3560 1449 3635 αὐτῷ
1497 3564 1667 3617 πολλὰ
1720 3565 1950 3636 πρίσειαν
2005 3559 2039 3634 ἢ
2096 3559 2398 3637 ἀνθρώπους
2452 3562 2676 3624 πολλοὺς

491 3651 952 3726 συκοφαντήσειαν,
1003 3650 1211 3711 πάντως
1263 3647 1451 3710 αὐτοὺς
1490 3650 1713 3724 ἔφθειρε,
1760 3649 1852 3704 ’καὶ
1890 3647 2112 3721 μάλιστα
2147 3648 2266 3710 τοὺς
2305 3649 2519 3711 δούλους
2556 3650 2676 3712 τοὺς

488 3736 626 3791 κατὰ
664 3740 922 3793 δεσποτῶν
959 3760 1007 3792 τι
1046 3735 1390 3810 μηνύσαντας.
1458 3742 1525 3810 τῇ
1562 3734 1599 3790 δ’
1644 3734 1775 3809 αὐτῇ
1813 3734 1978 3810 ταύτῃ
2018 3737 2217 3809 διανοίᾳ
2253 3740 2341 3791 καὶ
2378 3741 2676 3812 προέγραψέ

489 3844 633 3888 ποτε,
691 3820 768 3878 ὅτι
826 3822 1166 3900 αὐτοκράτωρ
1224 3820 1346 3879 ὅταν
1405 3822 1477 3895 μὴ
1534 3821 1736 3897 κολάζῃ
1784 3822 1905 3883 τοὺς
1955 3821 2297 3897 συκοφάντας,
2350 3821 2505 3883 αὐτὸς
2544 3829 2674 3897 σφᾶς

497 3917 636 3963 ποιεῖ
669 3908 952 3972 τοιούτους.
1043 3910 1183 3963 Plin.
1222 3926 1406 3977 paneg.
1447 3910 1552 3980 (ed.
1592 3909 1758 3979 Keil.)
1798 3910 1924 3977 §35
1972 3910 2200 3979 Iuyeuti
2236 3910 2453 3977 quidem
2490 3912 2676 3963 auimo

491 3998 652 4051 divus
691 3998 849 4052 Titus
884 4000 1176 4053 securitati
1209 4004 1433 4051 nostrae
1467 3998 1777 4065 ultionique
1811 3994 2186 4062 prospeoe'erat,
2228 3997 2453 4065 ideoque
2488 3993 2672 4048 riumi-

486 4084 654 4138 m'bus
692 4092 966 4153 aequatus
1002 4092 1096 4140 est.
