3031 4640
468 325 552 387 3⁴2

471 519 555 559 ex
603 507 834 579 aperta
880 514 1317 578 expressaque
1362 497 1688 559 venatoris
1734 496 1915 558 istius
1961 516 2109 557 cum
2158 494 2441 558 Hercule
2489 517 2664 558 com-

470 603 823 683 paratione,
873 600 950 662 cf.
1002 602 1204 682 epigr.
1256 600 1364 662 lib.
1414 598 1658 662 271111‘2

781 705 1145 767 Herculeae
1190 705 1405 766 landis
1451 715 1826 766 numeretur
1862 705 2126 787 gloria:
2160 704 2317 784 plns
2364 716 2459 766 est

883 809 1027 871 Bis
1074 809 1330 870 denas
1362 809 1709 888 pariter
1740 808 2191 888 perdomuisse
2215 809 2420 886 feras

558 922 622 974 et
669 911 724 970 V
753 910 1004 975 6511112

782 1016 1122 1078 Reddatur
1165 1017 1229 1076 si
1257 1025 1489 1095 pugna
1535 1014 1780 1094 triplex
1810 1016 2102 1093 pastoris
2147 1014 2405 1086 Hiberi,

882 1119 1005 1180 Est
1045 1120 1162 1179 tibi
1202 1118 1316 1198 qni
1344 1119 1557 1198 possit
1595 1117 1850 1179 vincere
1903 1117 2271 1199 Geryonem.

644 1239 793 1301 Huc
834 1239 1086 1301 accedit
1117 1240 1294 1320 quod
1334 1248 1610 1319 utroque
1648 1237 1797 1299 loco
1820 1248 2193 1301 venatorem
2237 1241 2415 1302 illurn
2457 1243 2660 1303 etiam

474 1364 624 1405 cum
672 1343 1018 1406 crocodilis
1063 1363 1353 1424 pugnam
1400 1343 1614 1404 iniisse
1659 1351 1978 1404 narratur:

517 1448 598 1509 :27
628 1446 679 1494 9!
699 1446 752 1483 ¹⁰
798 1446 877 1509 Si
916 1449 1018 1519 sit,
1069 1458 1140 1509 nt
1179 1447 1484 1527 aequorei
1527 1444 1854 1507 revocetur
1879 1447 2124 1525 fabula
2169 1451 2459 1513 monstri.

897 1550 1220 1612 Hesionen
1265 1551 1465 1612 solvet
1503 1550 1677 1611 solus
1722 1560 1784 1610 et
1824 1549 2319 1613 Andromachen
2363 1587 2444 1596 -—

580 1652 635 1712 V
665 1655 748 1716 (55
795 1654 1002 1734 Saepe
1047 1655 1192 1716 licet
1238 1653 1483 1715 Graiae
1531 1664 1903 1715 numeretur
1949 1654 2133 1716 belna
2180 1655 2436 1717 Lernae

888 1757 1193 1838 Improba
1237 1756 1519 1819 Niliacis
1565 1758 1727 1837 qnid
1743 1758 1923 1836 facil
1966 1756 2207 1838 Hydra
2233 1759 2418 1837 feris
2433 1762 2466 1821 :²

484 1866 566 1925 de
634 1884 766 1944 quo
836 1862 1203 1924 certaminis
1269 1870 1532 1941 genere'
1576 1882 1893 1942 nusquam
1964 1864 2246 1924 invenies
2312 1863 2667 1943 quicquam

474 1977 905 2029 memoratum
939 1966 1054 2027 nisi
1090 1986 1287 2027 unum
1319 1966 1497 2046 apud
1526 1965 1808 2045 Dionem
1847 1955 1914 2026 'in
1957 1966 2090 2027 vita
2121 1967 2407 2047 Augusti
2441 1965 2560 2029 LV
2585 1968 2669 2029 10

475 2073 629 2146 init„
666 2072 755 2133 ita
792 2079 862 2132 ut
897 2091 1162 2150 perraro
1199 2071 1262 2131 in
1299 2090 1491 2131 arena
1514 2078 1846 2149 spectatae
1871 2089 2010 2131 esse
2046 2068 2274 2131 beluae
2315 2069 2458 2132 illae
2493 2073 2670 2133 vide-

477 2187 683 2237 antur.
757 2172 945 2254 Quae
969 2194 1118 2235 cum
1151 2175 1242 2235 ita
1278 2175 1407 2235 sint
1436 2172 1622 2233 facile
1656 2173 2040 2235 crediderim
2069 2172 2570 2254 Carpophorum
2605 2174 2670 2235 in

477 2281 679 2361 epigr.
715 2277 881 2340 libro
927 2276 1324 2340 celebratum
1371 2286 1567 2359 atque
1613 2288 1986 2340 venatorem
2035 2277 2215 2339 illurn
2251 2276 2305 2336 V
2342 2278 2423 2340 65
2473 2298 2668 2342 unam

380 2381 383 2386 ’
481 2405 620 2446 6556
644 2384 1051 2463 eandemque
1073 2403 1417 2463 personam
1445 2382 1539 2460 (id
1564 2384 1742 2463 quod
1768 2382 1896 2443 iam
1912 2382 2265 2443 Kehreinio
2288 2383 2676 2445 vetustiores

481 2489 698 2550 nescio
744 2507 907 2567 quos
945 2487 1324 2567 interpretes
1347 2495 1575 2548 secuto
1600 2522 1681 2529 --
1707 2488 1815 2568 qui
1841 2507 1939 2567 ep.
1971 2485 2029 2544 V
2057 2485 2139 2548 65
2163 2505 2384 2547 versus
2412 2486 2672 2549 10-12

482 2612 630 2653 cum
677 2611 776 2672 ep.
807 2589 888 2652 27
936 2612 993 2651 v.
1031 2589 1070 2651 6
1118 2590 1542 2665 contulerant,
1594 2589 1669 2651 cf.
1704 2589 2032 2652 Colesson.
2084 2591 2229 2651 adn.
2281 2589 2671 2653 adV65—

484 2697 694 2756 visum
763 2704 901 2755 erat
970 2694 1029 2772 (l.
1082 2715 1135 2755 C.
1186 2715 1294 2775 pg.
1361 2691 1540 2777 543).
1660 2695 1809 2755 Hoc
1876 2714 2031 2755 vero
2101 2714 2412 2755 concesso
2480 2713 2678 2755 nemo

487 2798 673 2859 nobis
741 2797 1159 2878 persuadebit
1225 2818 1324 2878 ep.
1404 2799 1499 2875 15,
1575 2797 1674 2873 23,
1747 2798 1827 2860 27
1911 2819 2080 2859 anno
2162 2799 2287 2859 iam
2359 2796 2443 2860 80
2525 2818 2673 2859 con-

482 2902 724 2982 scripta
769 2922 924 2963 esse.
1971 2919 1976 2922 ⁴

658 3005 989 3067 Kehreinii
1038 3014 1420 3085 argumenta
1466 3025 1576 3085 pg.
1627 3001 1872 3088 544s45
1935 3006 2130 3067 allata
2191 3007 2440 3068 caduca
2485 3015 2669 3066 sunt:

487 3107 801 3171 Martialis
849 3111 1024 3191 quod
1073 3130 1388 3190 nusquam
1435 3111 1638 3189 epigr.
1689 3108 1831 3171 libri
1892 3111 2287 3171 mentionem
2347 3109 2501 3171 facit
2546 3110 2675 3170 hoc

484 3234 745 3296 prorsus
792 3213 944 3275 nihil
990 3212 1227 3294 probat
1287 3230 1370 3258 -·-
1431 3234 1585 3275 num
1649 3213 1779 3275 ullo
1841 3214 2041 3275 modo
2101 3224 2298 3294 poeta
2355 3214 2419 3274 in
2465 3214 2670 3293 epigr.

485 3319 662 3381 libris
728 3317 831 3380 vel
899 3317 1255 3380 Xeniorum
1324 3317 1467 3379 libri
1535 3318 1635 3379 vel
1704 3318 2286 3399 Apophoretorum
2357 3317 2677 3379 rationem

486 3419 723 3485 habet?
791 3421 1092 3484 Alterum
1139 3442 1309 3497 vero,
1361 3442 1488 3483 non
1534 3421 1798 3484 subesse
1844 3441 2125 3495 causam,
2190 3442 2303 3482 cur
2348 3421 2680 3501 scripserit

486 3525 802 3588 Martialis
848 3525 1025 3587 illum
1059 3524 1346 3587 libellum
1379 3525 1508 3586 iam
1540 3525 2076 3606 praecedentibus
2106 3525 2320 3586 verbis
2352 3523 2677 3586 refellitur.

490 3629 643 3711 Quo
685 3651 842 3692 vero
882 3640 1176 3711 tempore
1207 3630 1683 3710 epigrammata
1713 3630 1797 3691 ad
1832 3628 1965 3690 Titi
1999 3648 2264 3689 munera
2294 3627 2683 3708 pertinentia

492 3755 640 3796 cum
688 3734 874 3796 huius
920 3733 1116 3795 libelli
1166 3734 1557 3795 carminibus
1604 3733 1964 3795 commixta
2010 3731 2135 3793 sint
2166 3740 2341 3793 certe
2374 3733 2687 3811 detegere

490 3858 681 3900 nemo
727 3836 913 3898 facile
958 3838 1214 3917 poterit.

669 3941 974 4004 Fortasse
998 3941 1294 4003 Martiale
1327 3942 1456 4002 iam
1489 3940 1796 4002 defuncto
1826 3948 2081 4019 praeter
2112 3939 2237 4000 alia
2261 3938 2359 4018 (cf.
2387 3959 2498 4019 pg.
2525 3939 2689 4018 seq.)

491 4046 587 4106 vir
657 4045 876 4106 nescio
945 4045 1088 4125 quis
1159 4046 1391 4107 doctus
1445 4045 1730 4106 errantia
1791 4042 1897 4104 illa
1957 4042 2221 4122 collegit
2282 4041 2689 4122 collectaque

493 4147 882 4209 carminibus
929 4149 1309 4228 interposuit
1355 4146 1491 4208 illis.
1569 4146 1891 4209 Libellum
1939 4147 2109 4207 enim
2143 4147 2327 4208 nobis
2358 4153 2683 4208 servatum
