3031 4640
2471 266 2606 387 '83

420 498 628 581 pretio
697 498 1029 580 congruit.
1064 498 1242 580 quod
1313 488 1560 562 Statius
1628 496 1761 561 silv.
1835 496 1931 560 IV
2000 495 2088 561 9⁸
2163 516 2291 559 uno
2357 495 2608 559 stetisse

424 603 673 667 decussi
723 602 778 682 (i.
810 623 863 664 e.
913 599 1038 686 2¹l2
1087 602 1362 680 sestert.)
1405 598 1605 664 libelli
1648 601 1743 663 IV
1791 601 2085 669 chartam
2132 608 2468 674 memorat,
2519 600 2609 661 ita

423 717 493 769 ut
557 706 719 768 liber
785 707 905 769 iste
975 706 1125 786 (724
1189 728 1248 768 v.
1296 708 1569 787 gerens)
1652 705 1926 786 paenula
1995 706 2337 766 instructus
2405 701 2602 785 atque

398 810 758 897 ‘umbilicis
807 820 1057 892 septem
1103 810 1233 872 fere
1279 811 1341 873 ni
1387 810 1572 873 fallor
1600 810 1910 872 sestertiis
1942 810 2068 872 emi
2100 817 2336 890 posset.
2419 806 2607 888 Quae

312 982 317 985 ,
423 935 573 989 cum.
646 916 735 995 ita
809 915 934 977 sint
1008 924 1074 977 et
1147 915 1659 1002 engranzmatqn
1729 915 2012 976 libellum
2077 915 2292 975 istum·
2342 912 2370 973 I
2443 910 2609 975 1173

426 1029 855 1082 memoratum
904 1020 961 1099 (i.
1014 1040 1065 1081 e.
1117 1019 1350 1081 librum
1397 1019 1425 1079 I
1485 1020 1766 1099 primum
1814 1018 2083 1097 editum)
2147 1017 2439 1079 maximo
2498 1012 2608 1077 illo

423 1125 704 1205 quinque
788 1124 1120 1186 denarium
1202 1124 1411 1204 pretio
1496 1124 1811 1184 eximium
1882 1121 1968 1183 ob
2039 1120 2283 1184 cultum
2353 1121 2429 1200 (v.
2502 1118 2609 1198 16)

424 1229 785 1290 constitisse
854 1227 1062 1289 elucet
1139 1236 1205 1288 et
1271 1248 1369 1308 ep.
1443 1226 1527 1289 66
1597 1228 1679 1289 de
1764 1227 2015 1291 duabus
2082 1225 2258 1307 loqui
2342 1233 2605 1305 poetam

423 1331 813 1395 editionibus
869 1352 991 1412 pro
1048 1332 1237 1413 pretii
1291 1354 1348 1393 v.
1410 1331 1454 1392 4
1511 1332 1687 1394 allati
1731 1331 2115 1400 ‚discrimine
2178 1329 2444 1391 diversis
2505 1327 2602 1408 (cf.
2705 1370 2708 1377 ›

334 1432 351 1449 ’
425 1418 580 1499 Birt.
651 1456 759 1517 pg.
840 1436 966 1499 209
1036 1437 1182 1498 adn.
1255 1436 1315 1514 2>
1384 1456 1503 1517 pro
1572 1444 1751 1498 certo
1819 1434 2298 1497 affirmabimus
2330 1433 2376 1515 7’)
2466 1432 2604 1494 Vix

428 1541 622 1620 igitur
667 1541 896 1622 opinor
940 1540 1075 1602 fieri
1122 1550 1338 1622 potest
1386 1541 1539 1621 quin
1585 1541 1675 1601 sic
1721 1549 2112 1603 statuamus:
2161 1547 2455 1612 tomum,
2518 1537 2608 1598 ait

426 1654 638 1726 poeta,
709 1644 902 1706 vilem
973 1646 1048 1723 (v.
1117 1645 1179 1724 3)
1256 1645 1291 1705 i.
1363 1666 1414 1706 e.
1500 1644 1805 1707 volumen
1873 1664 2315 1725 papyraceum
2383 1641 2607 1704 litteris

428 1750 712 1812 nondum
761 1757 1059 1830 opertum
1078 1747 1121 1828 S)
1179 1748 1327 1810 licet
1373 1750 1604 1810 emeris
1661 1758 1771 1811 aut
1817 1749 2042 1811 maiori
2102 1768 2285 1810 meae
2341 1747 2605 1809 editioni

428 1854 926 1935 respondentem
975 1861 1085 1914 aut
1132 1853 1378 1927 minori,
1439 1854 1529 1915 ita
1591 1862 1659 1915 ut
1716 1855 1767 1914 si
1814 1852 2027 1914 scriba
2074 1852 2382 1927 maiorem
2429 1851 2605 1913 illum

426 1968 675 2020 tomum
723 1957 1209 2039 epigrammatis
1256 1978 1339 2019 ex
1386 1958 1669 2019 editione
1717 1957 2129 2019 desumendis
2176 1957 2417 2018 maiore
2464 1974 2610 2017 mea

435 2062 811 2143 replendum
847 2083 885 2124 a
917 2072 980 2124 te
1013 2063 1352 2143 acceperit,
1405 2063 1635 2124 decem
1681 2062 2006 2136 sestertiis,
2057 2062 2108 2122 si
2158 2062 2472 2125 minorem
2519 2059 2606 2121 illi

429 2175 498 2227 ut
566 2167 878 2228 minorem
963 2187 1178 2228 meum
1247 2167 1481 2229 librum
1552 2165 1889 2228 transferat
1958 2166 2232 2241 dederiS,
2303 2185 2423 2227 sex
2490 2163 2607 2227 tibi

426 2271 731 2333 sestertiis
778 2270 1000 2333 charta
1046 2270 1152 2333 illa
1192 2273 1550 2335 constiterit
1594 2273 1678 2335 ad
1726 2272 2051 2334 edendum
2098 2270 2426 2352 expedita,
2477 2269 2606 2332 noli

425 2365 644 2439 tamen
690 2385 953 2458 poetam
1012 2384 1075 2437 te
1134 2377 1255 2437 ista
1310 2377 1438 2439 iam
1498 2378 1787 2458 impensa
1849 2376 2088 2438 factum
2134 2396 2277 2437 esse
2323 2376 2603 2462 credere.

350 2567 353 2572 Ι
425 2482 603 2544 Vera
659 2482 856 2563 igitur
912 2480 1038 2541 illic
1096 2482 1371 2543 duorum
1431 2461 1831 2543 diversorum
1911 2482 2225 2544 Martialis
2299 2479 2607 2542 librorum

429 2586 861 2667 intellegenda
940 2605 1077 2647 esse
1145 2587 1352 2666 pretia
1435 2607 1584 2648 cum
1655 2588 1719 2648 in
1786 2596 2013 2668 aperto
2080 2587 2161 2647 sit
2228 2605 2609 2667 quaeremus

428 2701 751 2772 protenus,
819 2700 979 2773 quot
1025 2701 1295 2772 utraque
1340 2690 1567 2752 charta
1625 2693 1895 2771 gesserit
1951 2691 2440 2772 epigrammata.
2537 2687 2606 2752 Si

427 2797 791 2859 memineris
823 2796 1180 2858 Xeniorum
1213 2795 1499 2858 libellum
1549 2816 1583 2858 e
1616 2796 1904 2858 versibus
1936 2817 2028 2857 ca.
2064 2795 2194 2858 400
2226 2795 2609 2875 (adsumptis

429 2903 727 2964 nimirum
773 2900 1121 2976 lemmatis)
1170 2902 1606 2983 compositum
1633 2911 1938 2983 quattuor
1983 2903 2234 2964 stetisse
2280 2900 2604 2974 sestertiiS,

427 3004 612 3065 facile
670 3026 925 3067 mecum
983 3005 1394 3086 computabis
1452 3026 1571 3066 sex
1630 3007 1994 3068 sestertium
2049 3007 2260 3088 pretio
2316 3014 2607 3086 emptum

429 3124 566 3165 esse
623 3106 854 3168 librum
918 3130 1136 3170 versus
1208 3111 1646 3172 continentem
1719 3110 1850 3173 fere
1912 3111 2039 3175 600
2099 3112 2135 3173 i.
2199 3132 2250 3174 e.
2320 3104 2607 3172 libellum

429 3217 688 3269 centum
736 3211 989 3272 circiter
1034 3214 1554 3293 epigrammaton
1601 3216 1882 3295 (secundi
1933 3215 2076 3277 libri
2124 3237 2221 3297 ep.
2262 3215 2342 3278 93
2389 3235 2607 3278 versus

607 3381 647 3448 ⁷)
685 3380 1123 3435 Friedlaenderus
1150 3385 1290 3450 quod
1316 3386 1372 3437 in
1403 3386 1521 3438 adn.
1544 3387 1609 3438 ad
1628 3402 1709 3454 ep.
1729 3386 1755 3438 I
1776 3394 1842 3446 66
1862 3391 1954 3440 aut
1990 3405 2188 3441 meram
2224 3389 2289 3440 ad
2325 3387 2609 3441 libidinem

429 3468 732 3536 excogitata
767 3486 796 3520 a
831 3471 984 3536 poeta
1021 3485 1139 3522 esse
1174 3470 1345 3538 pretia
1383 3471 1474 3524 illa
1499 3472 1634 3526 dicit
1652 3475 1744 3526 aut
1760 3474 1983 3530 licuisse
2004 3474 2346 3542 bibliopolam
2364 3473 2608 3527 libellum

426 3554 454 3606 I
489 3555 756 3608 vilissime
795 3556 1012 3623 quidem
1049 3558 1278 3613 attamen
1316 3558 1528 3611 diverso
1566 3560 1722 3613 modo
1760 3561 1966 3614 cultum
2011 3579 2106 3629 pro
2155 3561 2261 3614 isto
2311 3562 2463 3614 cultu
2512 3577 2608 3614 sex

427 3642 680 3695 decemve
717 3643 980 3696 sestertiis
1029 3674 1096 3682 -
1144 3660 1311 3696 unum
1361 3645 1508 3698 dices
1557 3662 1663 3699 non
1712 3647 1880 3715 magis
1927 3663 2045 3700 esse
2083 3648 2197 3701 veri
2235 3647 2411 3701 simile
2450 3664 2609 3718 quam

426 3726 667 3781 alterum.
723 3728 861 3781 Nam
882 3761 947 3767 -—
966 3731 1195 3798 priorem
1233 3732 1552 3784 sententiam
1590 3734 1775 3786 omitto
1797 3764 1861 3771 —
1883 3734 1932 3786 si
1970 3734 2101 3787 duas
2137 3734 2262 3787 libri
2282 3734 2308 3786 I
2345 3734 2607 3787 editiones

428 3813 639 3867 diverse
687 3819 963 3869 exornatas
1011 3816 1127 3869 illic
1176 3816 1557 3884 intellegendas
1606 3835 1723 3872 esse
1773 3835 2121 3885 sumeremus
2171 3824 2313 3875 tres
2363 3821 2607 3875 eiusdem

425 3897 594 3954 libelli
631 3902 896 3956 editiones
931 3904 1072 3956 inter
1108 3918 1165 3955 se
1202 3902 1441 3956 diversas
1478 3906 1537 3956 in
1573 3904 1747 3959 lucem
1784 3906 1978 3959 missas
2026 3923 2144 3961 esse
2193 3909 2605 3962 concederemus

428 4003 645 4042 necesse
683 3991 853 4043 esset:
894 3990 1033 4057 quod
1071 4005 1258 4056 parum
1293 4005 1412 4042 esse
1449 3991 1704 4044 credibile
1742 3991 1914 4046 vides,

599 4077 641 4145 8)
694 4071 984 4131 Volumina
1037 4076 1144 4129 emi
1198 4077 1438 4142 poterant
1490 4078 1549 4129 in
1602 4075 2023 4142 chartopolarum
2078 4079 2315 4134 tabernis
2369 4080 2446 4131 ita
2498 4080 2606 4129 iam

425 4162 676 4217 instituta
713 4165 775 4217 ut
809 4164 937 4219 ilico
974 4162 1182 4217 litterae
1220 4161 1383 4216 inseri
1421 4166 1655 4231 possent,
1694 4164 1760 4216 de
1799 4177 1903 4227 qua
1936 4180 1991 4217 re
2021 4166 2084 4218 cf.
2106 4164 2237 4217 Birt.
2259 4164 2293 4216 1.
2315 4180 2359 4215 c.
2381 4178 2464 4228 pg.
2492 4165 2606 4216 132.

2197 4265 2249 4307 6-1(-
