3031 4640
2453 361 2535 424 69

516 540 621 601 De
669 560 797 601 uno
842 538 1019 619 quod
1067 538 1279 601 adhuc
1318 547 1611 619 superest
1650 538 2121 618 epigrammate
2158 556 2288 597 non
2325 537 2533 597 minus

250 714 257 715 ἶ
336 652 520 705 certe
566 643 842 723 tempori
888 644 1107 705 seriori
1155 642 1524 704 addicendo
1573 651 1778 704 -est
1823 661 1922 721 ep.
1950 638 1981 700 I
2025 642 2057 701 1
2091 640 2537 720 —proxumis

336 767 539 828 agam
587 747 824 809 chartis
871 747 969 827 (cf.
1020 767 1128 829 pg.
1177 747 1295 826 773
1342 745 1495 808 ibid.
1548 746 1694 807 adn.
1743 743 1868 818 28).

334 975 420 1071 d)
484 976 604 1047 De
640 973 874 1045 dubiis
913 972 1345 1068 quibusdam
1395 971 1642 1043 similis
1691 986 1912 1043 notae
1959 969 2530 1066 epigrammatis,

522 1143 814 1209 Strictim
885 1145 1014 1205 iam
1101 1144 1508 1225 breviterque
1610 1145 2085 1225 epigrammata
2181 1151 2536 1204 attacturus

340 1250 694 1331 quaedam,
768 1248 852 1309 de
897 1246 1130 1328 quibus
1175 1267 1254 1308 ne
1302 1248 1702 1309 confidenter
1748 1247 2107 1309 iudicemus
2154 1244 2534 1307 indiciorum

338 1363 642 1416 vetamur
665 1351 974 1424 exilitate,
1023 1351 1306 1431 primum
1356 1353 1418 1413 in
1464 1360 1743 1414 examen
1766 1350 2179 1432 protrahatur
2204 1369 2301 1429 ep.
2333 1347 2361 1408 Ι
2389 1346 2531 1420 108,

336 1458 529 1540 quod
575 1457 751 1519 hisce
797 1455 1023 1537 incipit
1067 1453 1388 1516 versibus:

661 1560 786 1621 Est
817 1560 937 1622 tibi
982 1560 1206 1640 (sitque
1237 1570 1480 1639 precor
1525 1558 1752 1620 multos
1785 1568 2147 1637 crescatque
2157 1567 2287 1636 per
2310 1555 2530 1632 annos)

768 1663 1056 1725 Pulchra
1099 1664 1375 1743 quidem,
1423 1684 1650 1724 verum
1697 1662 2160 1723 transtiberina
2207 1660 2428 1720 domus
2445 1682 2464 1718 .-

664 1766 757 1827 At
797 1789 939 1828 mea
1005 1767 1346 1847 Wpsanms
1391 1777 1679 1848 spectant
1720 1765 2021 1837 cenacula
2066 1765 2316 1835 laurus,

766 1870 1003 1931 Factus
1049 1872 1115 1932 2⁶72
1162 1871 1285 1933 lzac
1329 1892 1445 1952 ego
1489 1891 1633 1932 sum
1679 1870 1812 1931 iam
1861 1869 2122 1950 regione
2165 1888 2378 1929 senex.

342 1974 684 2049 MartialiS,
749 1974 842 2034 sic
900 1974 1053 2035 olim
1112 1985 1581 2056 computaram,
1652 1973 1829 2054 quod
1892 1982 2185 2052 tempore
2244 1970 2387 2031 libri
2436 1968 2539 2031 Χ2

340 2081 474 2160 (ep.
524 2078 608 2141 96
630 2076 675 2157 2)
722 2077 913 2139 Latia
974 2077 1217 2140 factum
1274 2100 1342 2141 se
1403 2098 1544 2140 esse
1589 2078 1652 2139 in
1716 2077 1874 2138 urbe
1931 2097 2147 2137 senem
2197 2073 2540 2136 confitetur

344 2184 524 2248 haud
594 2184 684 2245 ita
750 2191 849 2243 est
912 2182 1171 2243 mirum:
1246 2182 1449 2244 multa
1518 2182 1688 2244 enim
1757 2201 1873 2262 per
1951 2199 2153 2242 annos
2218 2198 2540 2259 proxume

338 2288 605 2370 elapsos
651 2295 788 2350 erat
834 2305 1174 2368 perpessus
1195 2311 1209 2366 ς
1231 2285 1303 2365 19)
1368 2306 1538 2349 anno
1583 2306 1737 2349 vero
1784 2285 2013 2348 aetatis
2060 2294 2131 2347 ut
2184 2283 2538 2365 plurimum

537 2544 601 2613 ¹⁹)
638 2544 879 2597 Adversa
914 2544 972 2595 in
1007 2543 1199 2611 primis
1233 2543 1541 2596 valetudine
1577 2544 1780 2596 factum
1816 2544 1900 2595 est
1934 2545 1997 2595 ut
2044 2544 2200 2610 poeta
2248 2542 2341 2610 qui
2388 2545 2542 2594 antea

344 2633 688 2686 senectutem
744 2631 1179 2697 debilitatemque
1234 2629 1418 2697 procul
1471 2647 1501 2682 a
1550 2645 1607 2682 se
1656 2629 1839 2683 abesse
1889 2630 2210 2698 compluries
2259 2629 2543 2682 confitetur

346 2718 444 2789 (cf.
483 2717 509 2770 I
547 2723 642 2784 543
691 2717 747 2769 H
786 2716 962 2783 16⁵le;
1009 2715 1067 2769 H
1101 2716 1235 2782 90³3
1282 2715 1360 2768 IV
1396 2716 1500 2773 25⁷
1536 2715 1645 2784 aL),
1693 2716 1818 2768 inde
1863 2732 1894 2769 a
1929 2719 2164 2784 tempore
2201 2715 2324 2768 libri
2362 2714 2441 2767 VI
2477 2715 2541 2768 de

350 2805 568 2859 infirmo
622 2804 904 2873 fragilique
959 2803 1195 2871 corporis
1250 2804 1394 2856 statu
1449 2801 1600 2870 queri
1656 2802 1893 2870 incipiat.
1982 2802 2219 2855 Primam
2273 2803 2541 2855 eiusmodi

350 2890 628 2960 querelam
664 2892 894 2960 legimus
932 2907 1013 2958 ep.
1047 2889 1126 2942 VI
1161 2893 1228 2947 ’70
1246 2889 1293 2942 ⁷:

669 2983 750 3033 At
782 2980 960 3033 nostri
997 2978 1126 3031 bene
1161 2981 1545 3048 computentur
1580 2977 1722 3029 anni

673 3065 754 3119 Et
790 3070 1061 3134 quantum
1097 3066 1321 3118 tetricae
1357 3062 1529 3116 tulere
1562 3062 1737 3127 febres

676 3155 793 3204 Aut
829 3151 1066 3219 lanquor
1100 3151 1291 3219 yravis
1329 3155 1430 3202 aut
1465 3149 1601 3202 mali
1637 3148 1860 3214 dolores’,

675 3242 718 3289 A
759 3237 879 3290 vita
914 3237 1131 3290 ‘meliore
1165 3242 1529 3302 separentur:

680 3323 930 3388 Infantes
965 3339 1170 3388 sumne,
1209 3329 1260 3376 et
1295 3339 1447 3377 senes
1482 3321 1746 3376 videmur.

356 3409 592 3462 Videtur
629 3408 848 3476 quidem
884 3411 1038 3475 poeta
1072 3409 1177 3461 iam
1213 3410 1451 3475 tempore
1483 3405 1678 3460 libriV
1714 3407 1815 3476 (ep.
1836 3404 1893 3475 9)
1931 3406 1989 3458 in
2026 3406 2224 3458 febrem
2251 3405 2541 3459 incidisse:

672 3495 1069 3564 Lanynebam:
1106 3494 1201 3548 sed
1237 3501 1299 3549 tu
1336 3496 1628 3548 comitatus
1663 3495 1920 3559 protinus
1959 3493 2034 3546 ad
2069 3510 2150 3546 me

787 3581 999 3635 Venisti
1034 3588 1265 3647 centum,
1304 3580 1645 3650 Symmache,
1683 3578 1985 3645 discipulis.

679 3667 907 3722 Centum
943 3684 1026 3721 me
1059 3669 1279 3737 tetiqere
1313 3684 1517 3720 manus
1555 3666 1810 3734 aquilone
1842 3665 2088 3732 yelatae:

785 3754 913 3807 Non
948 3754 1122 3808 habui
1155 3754 1373 3820 febrem,
1411 3752 1747 3821 Symmache,
1784 3767 1938 3804 nunc
1971 3751 2161 3805 habeo,

541 3838 655 3892 Nee
691 3841 868 3892 tamen
902 3838 1065 3892 febris
1101 3839 1215 3893 illic
1251 3840 1538 3892 memorata
1572 3837 1741 3891 fuisse
1778 3838 1954 3903 potest
2005 3835 2235 3904 maligna
2281 3835 2390 3908 illa,
2440 3854 2544 3905 qua

358 3926 547 3996 poetae
583 3924 833 3979 valetudo
868 3926 926 3978 in
976 3927 1190 3993 tempus
1238 3940 1456 3992 prorsus
1503 3926 1616 3977 erat
1661 3923 1912 3977 infracta:
1971 3921 2048 3974 VI
2084 3927 2151 3980 43
2198 3923 2305 3975 iam
2353 3923 2544 3977 confir-

356 4011 586 4066 mandae
623 4010 951 4064 valetudinis
989 4027 1149 4065 eausa
1183 4026 1277 4064 rus
1313 4011 1364 4065 ei
1400 4011 1478 4063 ire
1515 4010 1699 4064 licuit:

678 4099 774 4152 Me
812 4098 1153 4152 Nomentani
1188 4100 1520 4166 confirmant
1556 4099 1674 4152 otia
1709 4099 1862 4152 ruris

779 4184 861 4237 Et
897 4200 1031 4238 casa
1067 4186 1350 4254 iugeribus
1386 4201 1500 4239 non
1537 4200 1768 4239 onerosa
1803 4186 1934 4237 suis.
