3031 4640
2517 315 2593 377 71

413 489 659 550 ratione
705 489 919 570 aliqua
966 490 1127 551 inter
1173 509 1242 551 se
1288 490 1506 552 iuncta
1552 490 1725 552 haud
1761 489 2006 551 maiore
2052 490 2366 571 temporis
2413 489 2600 550 inter-

414 591 586 655 vallo
632 593 917 672 seposita
937 592 1161 655 videas
1207 593 1282 655 cf.
1335 593 1393 655 II
1430 593 1632 675 91s92
1659 614 1670 655 :
1701 593 1788 655 III
1824 593 1909 655 95
1935 611 1947 653 t
1977 591 2068 653 IV
2091 593 2211 667 272
2257 593 2410 655 1118
2439 613 2450 655 ε
2484 593 2602 667 11;

414 695 504 757 III
552 695 970 771 16:59299;
1016 695 1103 757 III
1151 696 1422 774 (38:863
1467 696 1560 759 IV
1607 696 1837 760 71:81
1891 697 1969 758 al.
2016 733 2099 740 —
2148 696 2464 759 nonnullis
2495 697 2601 760 hic

414 801 542 862 iam
589 801 770 862 annis
815 800 1092 882 peractis
1138 801 1426 863 iocosam
1466 802 1730 862 demum
1778 800 1954 861 illam
2001 802 2487 863 excusationem
2536 802 2602 862 in

413 905 626 967 lucem
675 905 948 966 miserit:
999 904 1267 966 fortasse
1316 904 1510 985 igitur
1556 925 1655 985 ep.
1693 903 1752 963 V
1783 904 1868 967 26
1900 913 2207 984 protenus
2240 914 2389 984 post
2419 905 2479 966 II
2509 904 2591 967 57

415 1004 780 1070 confectum
828 1017 1057 1091 postea
1105 1008 1167 1069 in
1213 1029 1293 1068 eo
1338 1029 1532 1089 quem
1577 1028 1743 1070 nunc
1775 1016 1953 1070 tenet
1985 1007 2131 1068 loco
2163 1007 2448 1088 positum
2479 1018 2593 1070 est.

593 1112 733 1174 Nec
798 1112 1006 1174 min'us
1053 1113 1213 1173 mire
1271 1113 1353 1174 de
1411 1134 1616 1193 puero
1673 1113 2024 1194 septimum
2087 1111 2317 1177 aetatis
2363 1132 2601 1173 annum

415 1225 652 1296 agente
699 1215 905 1294 (sicuti
932 1235 1017 1276 ex
1064 1235 1161 1296 ep.
1205 1214 1296 1276 IV
1340 1216 1444 1290 45,
1495 1218 1672 1297 quod
1721 1236 1849 1278 non
1896 1217 1960 1277 in
1991 1216 2286 1297 quintum
2334 1213 2601 1295 (Friedl.

416 1320 610 1397 adn),
673 1321 789 1381 sed
853 1319 916 1379 in
973 1328 1233 1380 sextum
1293 1321 1476 1400 pueri
1541 1320 1714 1383 diem
1777 1319 2058 1382 natalem
2116 1319 2428 1398 scriptum
2486 1328 2604 1392 est,
2659 1330 2668 1342 '

420 1424 783 1504 computari
845 1423 1082 1505 potest)
1141 1444 1240 1504 ep.
1292 1424 1357 1485 V
1406 1425 1445 1486 6
1504 1425 1739 1487 dicitur
1783 1446 1840 1486 v.
1893 1424 1960 1486 6:
2022 1422 2130 1484 Sic
2172 1416 2440 1483 Burrus
2486 1422 2605 1483 cito

414 1529 653 1589 sentiat
677 1538 1052 1608 parentam
1100 1530 1280 1609 quod
1325 1529 1377 1590 si
1426 1529 1509 1590 de
1553 1549 1756 1609 puero
1802 1529 2039 1590 dicitur
2070 1536 2200 1589 tres
2241 1526 2373 1587 fere
2403 1545 2608 1587 annos

415 1616 571 1692 nato
617 1627 724 1714 (cf.
751 1631 848 1692 VI
893 1631 976 1693 38
994 1630 1042 1709 4)
1090 1653 1217 1694 non
1263 1642 1360 1694 est
1406 1652 1520 1694 cur
1568 1633 1907 1711 miremur3
1954 1631 2059 1692 hic
2103 1650 2259 1692 vero
2305 1629 2609 1711 facillime

416 1735 701 1815 suspicio
747 1736 895 1796 oriri
941 1745 1158 1816 potest
1203 1758 1302 1817 ep.
1338 1736 1402 1797 V
1438 1736 1477 1797 6
1524 1736 1587 1797 in
1634 1737 1810 1817 prius
1856 1756 2049 1817 quam
2097 1733 2189 1796 IV
2218 1733 2305 1795 45
2348 1742 2610 1813 tempus

418 1837 855 1917 delegandum
905 1859 1059 1901 esse.

592 1942 809 2004 Unum
873 1953 1180 2024 protenus
1239 1945 1617 2025 priusquam
1678 1953 1892 2005 utrum
1951 1940 2268 2005 eiusmodi
2318 1943 2381 2003 in
2427 1941 2610 2002 libris

417 2066 679 2127 quoque
747 2047 1213 2128 posterioribus
1274 2048 1673 2129 reperiantur
1741 2047 2215 2128 epigrammata
2261 2066 2459 2108 necne
2523 2046 2608 2107 in·

416 2151 669 2231 quiram
716 2169 954 2230 poema
998 2150 1222 2230 paucis
1268 2151 1689 2213 absolverim:
1741 2171 1842 2233 eps
1891 2151 1922 2211 I
1964 2149 2078 2213 56:

636 2251 957 2315 Continuis
1001 2263 1240 2316 vexata
1285 2255 1502 2316 madet
1540 2254 1868 2317 vindemia
1914 2255 2149 2316 nimbis
2168 2278 2188 2316 .·

730 2356 877 2419 Non
909 2369 1111 2438 potes,
1162 2369 1233 2420 ut
1272 2361 1512 2439 capim,
1562 2360 1859 2424 vendere.
1909 2371 2072 2440 copo,
2127 2380 2395 2421 merum.

593 2459 867 2524 Sensum
925 2464 1127 2543 epigr.
1195 2472 1348 2525 tunc
1411 2464 1674 2525 demum
1738 2464 2009 2544 praebet
2068 2483 2295 2524 sanum
2371 2462 2423 2523 si
2483 2462 2610 2523 Ra-

420 2584 666 2627 vennae
745 2566 1007 2640 factum,
1096 2587 1417 2647 coponem
1503 2568 1699 2647 igitur
1778 2567 2223 2630 Ravennatem
2309 2564 2608 2646 quemvis

422 2669 676 2731 illusum
723 2691 862 2732 esse
908 2671 1237 2733 sumimus.
1351 2669 1732 2733 Absurdum
1803 2672 2101 2733 nimirum
2172 2669 2614 2749 insulsumque

425 2774 690 2835 credere
751 2784 1013 2855 poetam
1074 2776 1310 2855 coponi
1365 2776 1670 2866 Romano
1748 2775 2139 2838 desiderium
2196 2773 2611 2853 supposuisse

423 2878 582 2939 meri
646 2899 766 2959 pro
821 2880 972 2941 vino
1032 2899 1201 2960 aqua
1249 2879 1454 2941 diluto
1501 2915 1583 2923 ——
1629 2879 1854 2941 viliore
1900 2878 2095 2959 igitur
2139 2914 2223 2921 --
2267 2874 2610 2937 vendendi.

421 2980 637 3043 Aliter
705 3003 804 3045 res
873 2993 971 3045 est
1039 2985 1121 3045 de
1180 2984 1439 3045 vinariis
1505 2982 2007 3045 Ravennatibus
2163 2979 2419 3043 Scimus
2486 2978 2614 3039 Ra·

421 3104 669 3147 vennae
717 3107 918 3166 aquas
951 3087 1172 3148 dulces
1207 3087 1476 3149 maximi
1503 3087 1697 3149 fuisse
1742 3087 1949 3167 pretii,
1999 3085 2149 3166 quia
2196 3103 2438 3164 aequor
2482 3081 2614 3143 illic

429 3188 799 3250 fluminibus
859 3190 1059 3252 salem
1120 3192 1539 3254 admiscuerit
1602 3189 1865 3271 (Strabo
1926 3188 1986 3248 V
2047 3209 2154 3270 pg.
2217 3186 2399 3266 213)3
2458 3207 2615 3267 quo·

426 3292 598 3354 circa
643 3293 831 3355 Mart.
883 3293 1130 3356 III-56:

638 3396 742 3459 Sit
782 3398 1059 3460 cisterna
1105 3397 1288 3466 milti,
1336 3420 1529 3477 quam
1575 3398 1786 3462 vinea,
1835 3397 2007 3458 malo
2051 3394 2424 3466 Ravennae,

750 3500 905 3563 Cum
938 3502 1186 3581 possim
1234 3502 1429 3562 multo
1470 3501 1749 3562 vendere
1780 3500 2004 3580 pluris
2050 3520 2303 3579 aquam.

600 3604 729 3666 Illis
775 3605 970 3686 igitur
1014 3601 1374 3685 coponibus
1438 3606 1594 3666 meri
1661 3625 1781 3685 pro
1829 3603 2039 3666 mixto
2083 3602 2404 3664 vendendi
2453 3602 2616 3663 desi-

429 3707 677 3769 derium
760 3709 951 3771 fuisse
1029 3710 1243 3771 dicere
1325 3707 1611 3788 potuisse
1693 3718 1956 3789 poetam
2036 3743 2121 3750 -—
2197 3726 2319 3788 per
2395 3707 2612 3768 iocum

428 3810 729 3873 nimirum
776 3850 857 3857 -—-
905 3822 1404 3875 consentaneum
1462 3820 1577 3874 est.
1647 3808 1821 3889 Quin
1866 3811 1987 3892 ipsi
2022 3810 2144 3873 sibi
2190 3810 2390 3872 semel
2437 3812 2612 3873 idem

430 3915 744 3977 accidisse
801 3917 943 3978 istic
1008 3906 1282 3978 moranti
1347 3916 1554 3977 facete
1615 3915 1969 3995 festiveque
2015 3915 2263 3975 iocatur
2307 3922 2503 3993 poeta
2548 3915 2616 3974 in

430 4037 529 4097 ep.
581 4017 667 4078 III
713 4018 795 4081 57
848 4022 1189 4098 (artissime
1237 4040 1387 4083 cum
1432 4019 1637 4101 epigr.
1687 4018 2100 4098 praecedenti
2149 4015 2611 4093 conectendo):
