3031 4640
2476 332 2560 395 33

368 509 451 570 ab
499 510 640 590 ipso
672 508 971 570 Martiale
1017 528 1145 569 non
1191 507 1438 569 editum
1473 527 1613 569 esse
1647 508 1774 569 iam
1808 528 1893 568 ex
1928 527 2007 568 eo
2039 515 2565 593 argumentemur

371 621 631 693 oportet
693 615 871 693 quod
935 633 1033 693 ep.
1085 611 1167 673 28
1215 611 1707 691 epigrammatis
1771 612 1833 672 in
1880 610 2239 673 Domitiani
2301 628 2564 672 munera

372 717 628 798 scriptis
675 717 1124 797 interpositum
1172 724 1300 777 est:
1363 715 1414 776 si
1461 724 1659 795 poeta
1715 715 1850 796 ipse
1906 714 2215 777 edidisset
2276 697 2562 775 libellum

371 822 462 882 sic
509 818 950 898 formatumffl)
1009 840 1109 900 ep.
1160 820 1242 883 28
1291 828 1465 881 certe
1511 838 1659 880 cum
1707 819 1932 900 primis
1977 818 2017 880 3
2068 817 2187 897 (vel
2234 816 2297 896 4)
2358 817 2558 899 epigr.

371 926 861 1004 composuisset.
953 922 1146 984 Alius
1190 931 1408 984 autem
1456 924 1675 984 nescio
1722 923 1864 1003 quis
1912 943 2061 983 cum
2108 931 2413 1002 quattuor
2457 921 2567 984 illa

374 1029 590 1108 priora
635 1029 836 1109 epigr.
890 1029 973 1089 ad
999 1027 1225 1089 Titum
1272 1036 1568 1107 spectare
1616 1036 2040 1107 cognosceret
2086 1026 2244 1087 haec
2293 1026 2433 1106 ipsa
2478 1024 2567 1087 ita

370 1132 588 1212 posuit
636 1141 706 1193 ut
751 1133 1207 1212 inaugurarent
1239 1130 1561 1209 libellum3
1610 1114 1708 1211 ep.
1737 1151 1893 1192 vero
1915 1130 1998 1193 28
2033 1150 2179 1192 cum
2207 1129 2564 1191 Domitiani

373 1245 691 1316 tempore
718 1235 1155 1316 conscriptum
1203 1254 1341 1295 esse
1389 1235 1759 1314 opinaretur
1815 1255 1958 1296 earn
2018 1235 2223 1316 ipsam
2286 1232 2372 1294 ob
2429 1253 2564 1295 rem

372 1339 764 1401 carminibus
850 1339 958 1400 illo
1041 1347 1334 1419 tempore
1419 1337 1798 1418 compositis
1867 1338 2304 1399 intermiscuit.
2418 1337 2568 1418 Ipsa

378 1453 596 1505 autem
664 1453 814 1525 post
877 1464 975 1524 ep.
1043 1440 1299 1504 24-26
1361 1462 1507 1519 eum
1572 1442 1815 1503 idcirco
1873 1442 2163 1522 posuisse
2221 1462 2321 1522 ep.
2365 1441 2451 1504 28
2497 1450 2568 1503 ut

369 1569 521 1609 cum
567 1548 957 1610 carminibus
1004 1547 1125 1607 illis
1176 1566 1445 1607 munera
1492 1546 1556 1606 in
1604 1546 1788 1606 undis
1835 1555 1981 1606 acta
2028 1546 2196 1623 (nam
2243 1555 2455 1606 utrum
2501 1547 2565 1607 in

374 1652 760 1714 naumachia
834 1671 915 1712 an
992 1651 1055 1710 in
1126 1649 1604 1731 amphitheatro
1694 1650 2005 1710 inundato
2091 1650 2264 1711 edita
2354 1658 2566 1710 essent

376 1775 642 1816 munera
705 1755 812 1816 illa
873 1756 1000 1816 iam
1064 1775 1191 1815 non
1246 1754 1514 1832 sciebat)
1573 1752 2048 1815 celebrantibus
2110 1752 2232 1832 (24,
2292 1751 2393 1827 25,
2452 1752 2564 1830 26)

371 1860 889 1939 coniungeretur,
963 1858 1116 1919 mihi
1188 1858 1451 1938 quidem
1521 1867 2022 1918 consentaneum
2082 1858 2338 1918 videtur
2405 1876 2561 1918 esse·

375 1962 685 2023 Praebuit
752 1962 946 2042 igitur
1017 1961 1267 2022 libellus
1335 1981 1482 2022 cum
1555 1961 1836 2042 primum
1893 1960 2190 2022 Martiale
2260 1960 2566 2023 defuncto

375 2067 675 2127 ederetur
723 2066 886 2127 hanc
936 2066 1065 2127 fere
1112 2065 1415 2126 sormam:

415 2191 517 2251 ep.
553 2168 722 2231 1—-4
750 2171 869 2247 (ed.
902 2177 1092 2230 nostr.
1126 2169 1344 2247 1--4):
1458 2217 1467 2228 .
1568 2218 1577 2229 .
1675 2217 1685 2229 .
1737 2166 1939 2247 epigr.
1977 2177 2198 2249 aperte
2244 2188 2392 2229 cum
2439 2188 2567 2229 am-

1728 2271 2077 2351 phitheatri
2157 2273 2567 2335 dedicatione

1730 2397 1784 2437 a.
1836 2376 1931 2440 80
1966 2378 2307 2459 iungenda.

462 2532 496 2557 ‚,
547 2481 868 2561 5-22(‚‚
986 2533 1022 2558 ‚‚
1107 2481 1365 2562 5-193
1410 2481 1691 2562 21;22);
1744 2481 1946 2543 Varia
1993 2491 2056 2543 et
2104 2481 2440 2544 mulierum
2501 2491 2568 2542 et

1725 2585 2009 2646 virorum
2100 2604 2246 2646 curn
2343 2584 2568 2645 bestiis

1729 2688 2004 2769 ferisque
2049 2686 2420 2769 spectacula
2463 2687 2566 2749 be-

1731 2793 2128 2873 stiarumque
2229 2791 2394 2852 inter
2495 2811 2564 2853 se

1732 2915 2006 2976 pugnae.

465 3051 500 3076 ,‚
536 3001 833 3081 23ss26(
860 3052 893 3077 ‚,
1010 3052 1044 3076 „
1088 3000 1378 3080 24-263
1425 3001 1582 3080 28.);
1731 3018 1996 3059 munera
2029 2999 2105 3059 ⁴in
2151 2998 2339 3059 undis
2378 2997 2563 3059 facta.

465 3155 500 3178 ‚‚
537 3103 893 3186 273(28?)(„
1011 3154 1046 3180 ‚,
1085 3104 1201 3183 293
1240 3103 1465 3183 (31?)):
1560 3152 1571 3165 .
1670 3152 1681 3164 .
1732 3101 2127 3181 gladiatores
2175 3101 2306 3162 duo
2346 3120 2565 3162 secum

1732 3213 2111 3285 pugnantes

538 3312 622 3374 29
684 3395 689 3398 v
823 3315 902 3392 4„
1019 3361 1053 3386 ‚‚
1101 3310 1235 3389 32):
1352 3361 1361 3372 .
1459 3361 1469 3373 .
1567 3361 1578 3372 .
1675 3360 1686 3372 .
1738 3309 1939 3391 epigr.
1970 3308 2315 3371 dedicandi
2356 3309 2566 3388 gratia

1556 3413 1560 3422 “
1735 3413 2191 3494 compositum.

551 3637 616 3706 ⁴⁰)
652 3638 714 3690 Id
755 3637 898 3704 quod
936 3637 1051 3689 fieri
1089 3653 1194 3690 non
1231 3636 1498 3704 potuisset
1523 3637 1633 3690 nisi
1651 3637 1958 3692 Domitiano
1990 3636 2097 3688 iam
2116 3635 2327 3687 necato:
2368 3648 2566 3687 saevus

372 3724 637 3777 nimirum
662 3723 752 3776 ille
772 3722 992 3776 Flavius
1029 3725 1091 3776 ut
1128 3724 1221 3790 qui
1260 3723 1583 3776 testantibus
1620 3724 1944 3791 scriptorum
1965 3722 2144 3776 verbis
2168 3721 2383 3773 fratrem
2418 3735 2565 3773 acer-

372 3810 606 3864 bissime
663 3810 867 3863 odisset
918 3809 1206 3877 aegerrime
1260 3808 1480 3862 tulisset
1531 3810 1673 3876 quod
1727 3808 1943 3863 libellus
2011 3808 2120 3861 sibi
2175 3807 2454 3861 dedicatus
2506 3806 2564 3859 in

374 3897 552 3950 fronte
585 3896 813 3964 gesserit
849 3895 1013 3964 epigr.
1051 3897 1110 3948 in
1128 3894 1235 3947 Titi
1270 3896 1523 3950 honorem
1562 3896 1779 3963 scripta.
1836 3895 1911 3949 Cf.
1935 3895 2081 3947 Suet.
2120 3898 2152 3950 2
2189 3896 2243 3946 et
2279 3893 2337 3965 in
2373 3892 2564 3960 primis

372 3983 483 4035 Dio
518 3980 730 4034 LXVII
765 3986 827 4037 2:
892 3979 1151 4056 Ἐπῄνουν
1192 3984 1247 4036 δὲ
1283 3981 1369 4036 τὸν
1409 3980 1561 4036 Τίτον
1599 3985 1731 4042 τινὲς
1769 3979 1869 4057 οὐχ
1906 3977 1984 4035 ὅτι
2021 3982 2109 4035 καὶ
2147 3977 2433 4037 ἀκούοντος
2467 3985 2562 4032 τοῦ

373 4068 725 4140 Δομετιανοῦ·
766 4070 898 4138 (ἴσον
936 4068 1031 4143 γὰρ
1072 4065 1130 4123 ἂν
1169 4065 1487 4143 ἡμάρτανον,
1511 4065 1673 4141 ὥςπερ
1715 4065 1775 4122 ἂν
1817 4070 1860 4122 εἰ
1898 4065 2055 4121 αὐτὸν
2095 4068 2290 4120 ἐκεῖνον
2329 4062 2567 4136 παρόντα

372 4159 476 4210 καὶ
515 4152 777 4209 ἀκούοντα
816 4153 1255 4229 ἐλοιδόρουν.)

2197 4261 2221 4296 3
