3031 4640
437 324 527 387 40

435 499 747 561 Redierat
792 499 1204 561 Domitianus
1250 499 1534 560 Romam
1584 509 1878 579 tempore
1926 499 2099 560 diem
2146 497 2243 560 IV
2278 498 2403 560 kal.
2434 498 2626 561 Febr.

435 612 744 684 sequente
811 611 876 664 et
942 601 1268 683 paulisper
1336 601 1461 664 illic
1533 612 1818 665 moratus
1839 600 1911 680 15)
1988 603 2244 665 ineunte
2314 604 2375 664 ni
2445 602 2632 665 fallor

440 715 688 768 aestate
751 708 965 769 denuo
1012 706 1075 767 in
1121 705 1345 768 Dacos
1399 707 1887 788 expeditionem
1947 715 2321 787 susceperat
2367 706 2429 767 in
2475 706 2631 768 Pan-

436 810 756 890 noniaque
802 809 939 890 ipse
984 808 1372 872 substiterat.
1448 809 1636 890 Quae
1682 810 1851 873 enim
1884 805 2057 891 apud
2084 810 2279 873 Dion.
2301 808 2565 871 LXVII
2592 810 2628 872 7

437 913 712 994 legimus
780 913 1008 975 ultimo
1076 912 1227 975 belli
1288 914 1519 976 Dacici
1580 935 1749 977 anno
1812 911 1937 993 (89)
2001 913 2410 982 acciderunt:
2480 934 2630 975 nam

435 1026 586 1099 post
631 1027 967 1101 acceptam
1016 1038 1054 1078 a
1102 1016 1354 1098 Quadis
1386 1019 1993 1101 Marcomannisque
2039 1018 2292 1080 cladem
2342 1019 2423 1080 de
2469 1038 2632 1099 pace

440 1122 580 1183 iam.
639 1141 788 1182 cum
857 1122 1059 1183 Dacis
1127 1122 1424 1190 facienda
1491 1123 1723 1204 agitur.
1842 1122 2178 1204 Simulque
2261 1143 2426 1203 quae
2496 1122 2628 1184 Dio

435 1234 689 1287 enarrat
735 1226 1238 1306 (expeditionem
1287 1226 1436 1287 dico
1482 1225 1548 1289 in
1591 1228 1816 1309 primis
1860 1227 2035 1289 illam
2082 1228 2388 1289 adversus
2435 1225 2515 1306 Q.
2565 1235 2633 1287 et

437 1328 525 1390 M.
567 1328 1049 1410 legationesque
1097 1331 1178 1391 de
1225 1350 1387 1410 pace
1434 1331 1715 1392 ineunda
1745 1331 2068 1412 utrimque
2105 1330 2378 1408 missas)
2411 1330 2631 1410 utique

436 1432 743 1514 amplexa
789 1454 927 1495 esse
973 1433 1402 1514 complurium
1463 1434 1530 1495 in
1589 1435 1924 1497 minimum
1988 1434 2303 1496 mensium
2349 1434 2629 1514 spatium

439 1536 588 1599 ilico
634 1537 791 1599 mihi
838 1538 1177 1612 concedeS,
1241 1538 1332 1600 ita
1377 1546 1449 1598 ut
1493 1558 1609 1618 per
1654 1548 1861 1601 totam
1910 1548 2085 1600 certe
2132 1547 2444 1600 aestatem
2489 1556 2630 1617 par-

437 1649 700 1721 temque
788 1640 1090 1702 facillime
1178 1641 1466 1703 autumni
1556 1642 1967 1704 Domitianus
2058 1642 2187 1703 illic
2272 1649 2632 1721 occupatus

437 1744 642 1807 fueriti
668 1741 741 1821 16)
848 1744 1036 1825 Quae
1104 1766 1252 1807 cum
1323 1746 1413 1807 ita
1478 1746 1605 1807 sint
1665 1746 1892 1808 Iuliam
1961 1766 2189 1808 necare
2249 1745 2461 1826 potuit
2521 1756 2638 1807 aut,

438 1847 758 1928 prioribus
804 1869 859 1910 a.
911 1848 993 1912 89
1039 1850 1220 1911 annis
1280 1849 1587 1930 (excepto
1634 1871 1852 1912 mense
1898 1851 2047 1929 Ian.)
2108 1860 2219 1911 aut
2279 1858 2418 1910 tum
2479 1868 2630 1910 curn

439 1951 735 2014 confecta
796 1954 1221 2034 expeditione
1290 1953 1590 2034 factaque
1656 1975 1804 2016 cum
1868 1955 2069 2017 Dacis
2129 1973 2291 2035 pace
2346 1952 2630 2014 Romam

440 2056 821 2131 revertisset,
885 2058 953 2118 id
1014 2059 1191 2137 quod
1254 2058 1558 2137 equidem
1622 2079 1770 2121 cum
1819 2059 2260 2120 Hirschfeldio
2323 2056 2359 2117 1.
2410 2077 2464 2116 e.
2516 2076 2627 2136 pg.

446 2156 684 2242 1506s7
734 2161 1137 2222 crediderim.
1213 2160 1346 2223 Sed
1393 2171 1538 2224 utut
1584 2182 1682 2224 res
1728 2184 1797 2225 se
1832 2162 2049 2236 habet,
2098 2171 2349 2224 tantum
2376 2168 2630 2222 constat

440 2263 887 2326 Domitianum
964 2273 1028 2326 et
1102 2264 1359 2327 ineunte
1434 2287 1488 2328 a.
1571 2265 1652 2328 89
1744 2268 1834 2348 (ut
1927 2265 2118 2328 mihi
2211 2265 2489 2343 videtur)
2553 2274 2632 2327 ‘et

440 2367 918 2448 posterioribus
981 2369 1270 2431 eiusdem
1347 2371 1495 2431 anni
1587 2370 1912 2432 mensibus
2002 2370 2367 2452 complures
2456 2380 2632 2431 certe

440 2492 691 2533 menses
736 2473 801 2533 in
846 2471 1129 2535 hostium
1187 2472 1420 2535 finibus
1479 2483 1805 2536 versatum
1850 2474 2131 2536 Romam
2195 2474 2476 2547 rediisse,
2539 2474 2632 2535 ita

441 2585 510 2637 ut
555 2575 690 2638 fieri
739 2597 866 2637 non
911 2586 1133 2657 posset
1179 2577 1331 2657 quin
1376 2577 1602 2639 Iuliam
1652 2575 2092 2660 compluribus
2139 2578 2267 2639 iam
2327 2600 2414 2639 ex
2461 2599 2631 2640 men·

439 2679 615 2741 sibus
700 2681 1039 2760 gravidam
1060 2680 1132 2760 1⁷)
1230 2681 1542 2743 inveniret
1615 2701 1887 2763 seroque
1972 2703 2115 2744 eam
2189 2691 2259 2744 ut
2337 2682 2633 2763 abigeret

443 2794 834 2865 conceptum
883 2793 1164 2865 cogeret.

616 3024 679 3093 15)
716 3023 780 3076 Id
809 3024 959 3090 quod
986 3040 1239 3091 perquam
1276 3022 1411 3075 mihi
1434 3022 1652 3077 videtur
1673 3024 1785 3077 veri
1807 3024 2003 3077 similo.
2058 3024 2196 3077 Nam
2217 3026 2263 3078 si
2287 3025 2629 3078 Domitianus

439 3127 483 3163 a.
521 3110 629 3163 iam
667 3115 733 3168 88
769 3109 940 3179 legem
975 3110 1124 3163 illam
1160 3109 1470 3163 theatralem
1506 3110 1921 3178 redintegrasset
1970 3129 2075 3164 uno
2112 3111 2344 3165 alterove
2381 3111 2506 3164 libri
2546 3111 2625 3164 IV

439 3197 623 3265 epigr.‚
661 3213 787 3250 cum
806 3198 862 3249 in
882 3197 1000 3254 libr.
1022 3197 1260 3250 Vocties
1280 3199 1618 3264 memoretur,
1658 3200 1799 3251 certe
1818 3215 1935 3251 eam
1952 3199 2224 3251 laudasset
2261 3200 2428 3266 poeta.
2485 3197 2626 3251 Nam

440 3283 557 3337 fieri
610 3301 715 3338 non
764 3287 940 3352 potest
988 3285 1121 3352 quin
1170 3286 1292 3337 ante
1342 3287 1652 3351 vergentem
1698 3284 1804 3336 iam
1852 3301 2052 3338 annum
2088 3289 2155 3342 88
2205 3286 2458 3338 emissam
2507 3300 2627 3337 eam

439 3387 561 3425 esse
599 3373 913 3435 statuamuS,
970 3387 1094 3424 cum
1131 3370 1504 3438 imperatorem
1543 3388 1636 3439 per
1672 3371 1892 3426 ultimos
1942 3371 2187 3425 eiusdem
2234 3372 2361 3425 anni
2415 3387 2629 3425 menses

442 3457 501 3509 in
537 3457 880 3525 expeditione
917 3459 1087 3512 fuisse
1137 3458 1194 3511 in
1243 3456 1520 3526 propatulo
1568 3458 1643 3510 sit
1693 3459 1778 3527 (cf.
1829 3461 1929 3511 act.
1981 3458 2041 3510 fr.
2093 3459 2222 3509 Arv.
2272 3473 2352 3524 ap.
2392 3456 2628 3510 Henzen.

441 3560 527 3612 pg.
548 3543 732 3597 CXXI
769 3563 820 3596 v.
863 3546 1038 3612 13s14,
1076 3546 1169 3599 ubi
1208 3544 1381 3612 pridie
1418 3545 1526 3597 iam
1565 3544 1637 3597 id.
1667 3544 1786 3598 lan.
1826 3562 1919 3613 pro
1959 3544 2201 3598 Caesaris
2239 3542 2468 3596 victoria
2503 3546 2630 3597 vota

444 3631 853 3701 nuncupantur).
943 3630 1179 3684 Videtur
1232 3631 1395 3684 immo
1452 3631 1793 3684 Domitianus
1847 3631 2118 3698 prioribus
2184 3630 2400 3683 demum
2455 3646 2501 3681 a.
2560 3634 2629 3686 89

442 3717 720 3771 mensibus
757 3718 998 3771 edictum
1033 3717 1170 3771 illud
1206 3716 1612 3784 redintegrasse,
1633 3716 1830 3770 Romae
1867 3718 2034 3785 igitur
2070 3719 2187 3769 tum
2207 3719 2451 3769 versatus
2488 3731 2625 3768 esse.

620 3805 682 3873 16)
721 3803 966 3868 Quocum
1014 3806 1231 3871 optume
1280 3802 1535 3856 convenit
1582 3803 1723 3870 quod
1775 3804 2083 3871 triumphus
2133 3802 2367 3856 Dacicus
2417 3801 2629 3855 ultimis

444 3891 662 3945 demum
698 3907 744 3943 a.
782 3896 849 3949 89
888 3890 1166 3942 mensibus
1197 3892 1351 3943 actus
1379 3892 1479 3942 est.
1519 3890 1583 3942 cf.
1620 3888 1855 3942 Hirschf.
1892 3889 1928 3941 1.
1967 3906 2011 3942 c.
2050 3889 2376 3957 pg.1506s7;
2410 3887 2632 3941 Henzen

444 3995 529 4046 pg.
572 3978 963 4131 liffillff'quod
998 4062 1271 4116 Iuvenalis
1310 4079 1522 4131 quoque
1560 4078 1749 4116 versus
1787 4079 1946 4130 supra
1983 4061 2137 4115 citati
2174 4063 2451 4115 testantur.
