3031 4640
486 316 570 378 50

661 490 785 571 Ep.
857 490 1132 571 denique
1198 489 1321 553 179
1391 491 1569 570 quod
1641 510 1836 551 unum
1906 499 2198 570 superest
2264 490 2328 550 in
2396 508 2676 550 examen

486 602 769 655 vocetur.

660 696 951 777 Negarat
991 698 1228 764 Friedl.
1278 698 1441 779 (hist.
1468 718 1626 760 mor.
1654 695 1801 759 1115
1845 717 1954 778 pg.
1983 696 2108 760 427
2137 727 2220 749 =
2245 698 2346 759 ed.
2373 696 2406 759 I
2429 717 2539 778 pg.
2567 695 2676 775 52)

488 800 845 882 praefracte
908 800 1106 863 ullum
1168 801 1309 866 libr.
1373 800 1564 881 (XIII
1626 802 1711 882 et)
1757 799 1919 863 XIV
1966 803 2168 883 epigr.
2233 811 2528 883 spectare
2588 802 2675 862 ad

489 904 729 967 bellum
774 904 1094 967 Dacicum
1144 904 1677 967 Sarmaticumve.
1772 905 1954 967 Illam
2014 916 2232 968 tamen
2290 905 2673 968 sententiam

490 1008 662 1071 haud
712 1009 800 1071 ita
847 1019 1027 1071 certo
1086 1018 1258 1071 stare
1303 1010 1506 1072 videri
1569 1019 1759 1072 antea
1818 1011 1947 1072 iam
2010 1012 2138 1092 (pg.
2187 1007 2411 1092 46s47)
2470 1018 2677 1071 osten-

422 1136 427 1141 ·
494 1112 739 1192 dimus3
786 1132 1081 1194 quaeque
1127 1112 1267 1174 illic·
1304 1113 1591 1176 diximus
1635 1114 1978 1177 fulciuntur
2046 1115 2107 1176 ni
2178 1134 2391 1175 errore
2455 1123 2683 1175 teneor

488 1237 593 1298 ep.
650 1217 793 1291 179,
842 1219 1019 1299 quod
1068 1218 1369 1298 equidem
1417 1220 1682 1280 omnino
1728 1240 1857 1280 non
1901 1218 2210 1308 intellego
2255 1218 2374 1279 nisi
2431 1216 2676 1280 bellum

494 1320 927 1384 Sarmaticum
974 1343 1053 1383 eo
1101 1331 1394 1403 tempore
1441 1343 1591 1385 cum
1624 1322 2010 1385 scriberetur
2048 1344 2086 1383 a
2110 1320 2387 1384 Caesare
2418 1330 2677 1402 gestum

490 1445 629 1487 esse
697 1446 900 1487 sumo,
1009 1425 1442 1489 Necessitudo
1503 1426 1674 1489 enim
1733 1427 2052 1488 artissima
2113 1427 2454 1488 intercedit
2514 1426 2681 1486 inter

490 1549 588 1610 ep.
628 1529 752 1593 179
799 1538 864 1591 et
909 1529 1047 1590 libr.
1089 1528 1220 1590 VII
1266 1550 1364 1611 ep.
1422 1531 1475 1606 1,
1527 1532 1637 1592 ubi
1685 1540 1882 1612 poeta
1926 1530 2375 1593 Domitianum
2423 1529 2486 1590 in
2536 1526 2679 1590 Sar-

491 1645 699 1697 matas
745 1634 1065 1715 proficisci
1113 1643 1449 1714 parantem
1497 1634 1625 1713 (21)
1671 1635 1848 1697 hisce
1885 1635 2099 1698 verbis
2145 1633 2586 1715 prosequitur:

804 1738 1034 1817 Accipe
1078 1738 1428 1819 belligerae
1473 1739 1742 1800 crudum
1786 1740 2054 1801 thoraca
2100 1737 2467 1800 [Winervae.

906 1841 1059 1921 Ipsa
1104 1840 1499 1904 flffedusaeae
1543 1864 1725 1924 quem
1771 1845 1949 1905 timet
1989 1844 2097 1904 ira
2144 1862 2371 1904 comae.

806 1946 982 2006 Dum
1028 1956 1232 2020 vacat,
1282 1946 1458 2013 llaec,
1518 1945 1783 2019 Caesar,
1819 1947 2064 2027 poterit
2105 1946 2305 2007 lorica
2348 1945 2607 2006 vocari:

906 2049 1166 2110 Pectore
1210 2070 1350 2111 cum
1395 2073 1584 2112 sacro
1628 2051 1885 2113 sederit.
1936 2051 2119 2130 aegis
2165 2050 2304 2110 erit.

671 2155 870 2215 Domi
946 2152 1288 2216 Caesarem
1358 2155 1595 2234 aegida
1664 2154 1837 2216 illam
1907 2163 2196 2234 gestasse
2279 2152 2452 2214 haud
2523 2150 2681 2212 mihi

493 2257 681 2342 facile
740 2258 1081 2339 quisquam
1141 2259 1561 2339 persuaserit3
1619 2259 1998 2341 praesertim
2062 2277 2209 2318 cum
2271 2267 2335 2318 et
2389 2256 2684 2317 Minerva

493 2384 551 2423 v.
595 2364 621 2423 1
663 2372 839 2424 certe
886 2383 1013 2424 non
1060 2363 1417 2424 inconsulte
1463 2362 1810 2425 fortuitove
1856 2362 2216 2443 appelletur
2260 2361 2571 2442 belligera
2618 2370 2684 2422 et

493 2466 785 2547 sequenti
855 2466 1056 2547 epigr.
1120 2476 1343 2547 aperte
1410 2476 1778 2547 exponatur
1845 2488 1973 2547 qua
2045 2468 2127 2528 de
2187 2486 2381 2527 causa
2442 2463 2686 2527 Caesar

496 2571 765 2632 loricam
813 2569 935 2631 sibi
984 2571 1282 2635 induerit.
1375 2570 1443 2633 Si
1500 2571 1699 2652 igitur
1755 2570 1892 2632 libr.
1939 2568 2103 2632 XIV
2153 2590 2250 2651 ep.
2308 2569 2429 2632 179
2486 2578 2687 2650 poeta

493 2675 585 2738 ait
631 2673 1083 2735 Domitianum
1133 2676 1369 2756 aegida
1426 2675 1684 2750 habere,
1735 2674 1877 2736 luce
1926 2673 2081 2736 mihi
2138 2674 2368 2736 clarius
2427 2673 2689 2735 videtur

502 2776 848 2841 Caesarem
895 2778 959 2838 in
1022 2780 1440 2860 expeditione
1502 2779 1784 2860 quadam
1845 2799 1985 2841 esse
2043 2789 2451 2861 occupatum.
2550 2775 2682 2839 Sed

500 2891 714 2943 utrum
771 2882 854 2943 sit
914 2881 1021 2944 illa
1076 2884 1412 2964 expeditio
1482 2881 1802 2957 Chattica,
1868 2884 2118 2944 Dacica
2178 2904 2258 2944 an
2322 2880 2685 2944 Sarmatica

496 2987 952 3068 quaerendum.
1070 2987 1221 3048 Mea
1264 2987 1582 3048 sententia
1643 2987 1724 3047 de
1775 2985 2136 3049 Sarmatica
2197 2996 2450 3048 tantum
2511 2984 2685 3065 cogi·

498 3092 769 3153 tandum
817 3099 928 3151 est.
1026 3082 1175 3152 Hoc
1222 3090 1392 3152 enim
1440 3091 1640 3151 modo
1687 3100 2213 3170 argumentemur
2258 3109 2516 3151 necesse
2564 3097 2678 3149 est.

499 3195 556 3256 E
603 3195 834 3276 prioris
881 3194 1080 3276 epigr.
1119 3194 1359 3256 verbis:
1427 3193 1660 3274 Accipe
1706 3194 2058 3275 belligerae
2103 3194 2371 3256 crudum
2417 3193 2686 3255 thoraca

498 3298 846 3360 Minervae
890 3319 982 3380 sq.
1030 3298 1409 3378 compositis
1456 3318 1605 3359 cum
1652 3298 1910 3360 alterius
1956 3319 2054 3379 ep.
2106 3298 2421 3359 versibus:

717 3402 845 3464 Dic
888 3403 1069 3466 milii.
1119 3403 1311 3482 virge
1348 3403 1579 3481 ferox,
1630 3423 1769 3463 cum
1814 3403 1904 3463 sit
1941 3403 2058 3463 tibi
2106 3403 2308 3464 cassis
2360 3413 2422 3463 et
2469 3403 2682 3474 leasta,

820 3505 1041 3582 Quare
1087 3527 1205 3567 non
1252 3505 1493 3568 habeas
1539 3507 1792 3588 aegida.
1881 3505 2159 3580 ,Caesar
2204 3506 2408 3569 habet*
2461 3542 2544 3549 —

499 3631 757 3692 prorsus
804 3609 1085 3672 dilucide
1130 3620 1401 3691 apparet
1446 3610 1639 3672 fuisse
1686 3612 1749 3672 in
1772 3611 2106 3672 Minervae
2147 3610 2393 3691 templo
2418 3609 2686 3672 loricam

500 3716 827 3797 quandam
874 3714 1089 3795 aegidi
1136 3714 1411 3775 similem
1461 3714 1920 3792 (Sarmaticam
1956 3714 2035 3794 (P)
2065 3714 2119 3775 F
2125 3714 2302 3776 riedl.
2354 3715 2438 3775 ad
2472 3712 2600 3775 VH
2632 3713 2692 3792 1)

501 3829 750 3880 statuae
797 3820 957 3880 deae
990 3854 1068 3863 —
1104 3838 1298 3899 quam
1348 3818 1438 3880 ob
1480 3838 1744 3880 causam
1791 3819 1918 3879 iam
1967 3839 2095 3880 non
2142 3838 2485 3898 possumus
2533 3818 2686 3880 divi·

503 3942 652 3983 nare
700 3958 782 3967 —-
830 3918 1388 4000 circumdatam32)
1447 3942 1722 4003 eamque
1781 3923 1872 3983 sic
1933 3931 2185 3984 textam
2247 3932 2319 3983 ut
2375 3921 2561 3984 facile
2624 3921 2688 3982 in

641 4073 709 4140 ³2)
746 4072 907 4125 Haud
944 4088 1162 4139 prorsus
1199 4073 1502 4126 inauditum
1538 4076 1707 4127 fuisse
1743 4074 1854 4127 illis
1891 4075 2222 4143 temporibus
2259 4075 2479 4128 deorum
2516 4074 2687 4128 simu-

501 4158 660 4210 lacris
696 4159 976 4210 hominum
1014 4174 1157 4210 more
1194 4159 1518 4211 vestimenta
1555 4159 1775 4213 induere
1812 4161 2096 4213 edocemur
2133 4176 2162 4213 e
2196 4160 2340 4214 Suet.
2363 4161 2469 4214 Cal.
2509 4178 2553 4215 c.
2592 4166 2694 4217 22:

2795 4387 2998 4598 „A
