3031 4640
484 342 569 407 26
1599 342 1604 349 ’
2329 388 2362 411 .-

483 515 804 598 Agricola
871 517 934 578 in
1003 526 1341 579 montanas
1409 517 1549 579 illas
1618 518 1914 598 regiones
1996 515 2527 596 proficiscebatur
2603 526 2674 578 et

485 630 762 682 exeunte
808 621 939 682 iam
983 629 1229 682 aestate
1263 619 1656 683 Caledonios
1701 622 1786 684 ad
1833 621 2082 682 radices
2115 619 2383 701 Graupii
2431 622 2674 682 montis

486 724 889 787 devincebat.
984 721 1150 785 Cum
1196 734 1417 786 tamen
1461 726 1695 788 eodem
1742 746 1911 788 anno
1970 745 2010 785 a
2053 725 2435 787 Domitiano
2476 722 2668 805 Agri-

484 827 666 889 colae
745 846 1092 909 prosperos
1167 848 1501 891 successus
1585 849 1820 910 peroso
1906 829 2173 890 domum
2260 837 2673 890 revocaretur

483 931 763 994 Romani
826 932 1121 1011 regiones
1179 933 1318 994 illas
1379 953 1595 995 rursus
1655 934 1926 995 amisere
1988 931 2086 1011 (cf.
2138 932 2295 994 Tac.
2359 931 2506 995 hist.
2555 931 2583 992 Ι
2625 931 2671 993 2

483 1034 854 1097 Perdomita
914 1033 1266 1098 Britannia
1324 1047 1385 1097 et
1438 1047 1561 1099 sta
1579 1037 1712 1098 tim
1780 1037 2055 1115 omissa).
2181 1036 2352 1098 Hinc
2445 1035 2664 1115 colligi

481 1159 673 1221 posse
717 1140 973 1201 videtur
1020 1159 1201 1200 ursos
1228 1138 1620 1203 Caledonios
1665 1161 1814 1202 cum
1864 1141 2013 1203 inde
2060 1140 2156 1201 ab,
2189 1149 2434 1201 aestate
2480 1160 2535 1201 a.
2561 1139 2665 1209 78,

483 1264 614 1324 quo
695 1263 865 1306 anno
932 1241 1251 1323 Agricola
1330 1242 1696 1325 legionibus
1774 1245 1838 1305 in
1908 1243 2237 1305 Britannia
2318 1244 2665 1305 stationem

484 1346 872 1408 habentibus
915 1345 1281 1427 praefectus
1327 1357 1426 1409 est
1445 1345 1521 1426 3‘³2)
1567 1368 1769 1429 usque
1815 1349 1898 1409 ad
1945 1368 1999 1410 a.
2052 1345 2135 1410 84
2180 1347 2422 1409 bellum
2470 1347 2670 1408 conti-

481 1470 678 1513 nuum
724 1450 813 1512 ibi
861 1460 1206 1532 gereretur,
1258 1451 1571 1514 Romanis
1633 1453 1828 1533 igitur
1884 1472 1919 1512 e
1980 1451 2249 1512 saltibus
2297 1451 2668 1513 Britanniae

480 1555 761 1617 borealis
808 1554 1050 1616 infestis
1097 1556 1334 1636 ubique
1381 1555 1684 1635 gentibus
1730 1576 1911 1617 ursos
1943 1565 2091 1617 ante
2122 1556 2455 1633 victriceyn
2490 1555 2664 1617 illam

479 1658 835 1738 Agricolae
883 1658 946 1720 in
993 1658 1385 1722 Caledonios
1432 1658 1918 1740 expeditionem
1975 1659 2271 1740 capiendi
2328 1658 2430 1720 vel
2502 1680 2670 1720 auro

481 1763 840 1843 quaerendi
892 1762 1171 1841 (Petron.
1238 1766 1278 1841 ξ
1336 1763 1439 1842 83)
1499 1765 1758 1826 occasio
1818 1764 1972 1825 data
2033 1772 2200 1824 esset
2268 1762 2456 1836 nulla,
2535 1782 2666 1824 non

478 1886 671 1946 posse
703 1865 986 1929 Romam
1032 1875 1505 1948 transportatos
1552 1888 1692 1929 esse
1738 1868 1853 1929 nisi
1900 1866 2002 1928 vel
2048 1867 2191 1947 ipso
2230 1887 2399 1927 anno
2433 1865 2664 1947 84,ve1

474 1968 654 2030 annis
699 1968 1276 2051 subsequentibus3
1324 1992 1474 2033 nam
1523 1972 1694 2033 bello
1726 1971 2094 2052 composito
2128 1970 2407 2032 Romani
2453 1971 2660 2032 sinon

479 2073 767 2152 ipsorum
818 2071 1319 2151 Caledoniorum
1368 2076 1570 2137 modo
1616 2076 2026 2156 cognitorum
2085 2084 2371 2136 attamen
2419 2073 2666 2135 Britan·

480 2195 707 2237 norum
755 2178 1003 2239 auxilio
1047 2178 1285 2239 bestias
1333 2179 1482 2240 inde
1514 2178 1700 2240 facile
1732 2179 1852 2240 sibi
1885 2199 2264 2260 comparare
2295 2186 2660 2258 potuerunt.

482 2278 786 2361 Sequitur
844 2282 994 2344 inde
1054 2303 1153 2363 ep.
1207 2283 1241 2346 7
1307 2283 1742 2365 conscriptum
1804 2302 1944 2345 esse
1999 2282 2100 2345 vel
2162 2303 2330 2345 anno
2390 2282 2533 2363 ipso
2579 2280 2668 2348 84

476 2385 580 2446 vel
624 2385 805 2447 annis
849 2387 1403 2468 subsequentibus

654 2489 977 2552 Nonnulla
1002 2491 1204 2571 epigr.
1232 2493 1364 2553 veri
1400 2490 1669 2552 similius
1708 2491 1790 2551 ad
1818 2490 2267 2552 Domitianum
2309 2490 2669 2553 referuntur

479 2614 674 2674 quam
736 2596 823 2656 ad
870 2594 1127 2656 Titum:
1194 2615 1292 2676 ep.
1352 2596 1501 2657 dico
1566 2596 1664 2668 12,
1733 2590 1871 2668 12¹²,
1939 2593 2039 2667 13,
2106 2596 2204 2663 14,
2268 2595 2366 2667 15,
2430 2594 2533 2669 30,
2599 2595 2663 2656 in

474 2698 712 2778 quibus
778 2699 1151 2760 venationes
1223 2698 1625 2760 celebrantur
1704 2698 1766 2758 in
1842 2695 2323 2777 amphitheatro
2404 2699 2662 2759 circove

477 2800 706 2865 factae.
820 2803 991 2865 Nam
1061 2804 1509 2866 Domitianum
1591 2802 1752 2862 tales
1819 2801 2192 2862 venationes
2273 2802 2337 2862 in
2416 2802 2665 2864 deliciis

476 2904 776 2967 habuisse
822 2915 1094 2969 testatur
1143 2906 1317 2969 Suet.
1370 2907 1565 2968 Dom.
1616 2905 1659 2966 4
1719 2903 1821 2986 (cs.
1872 2923 1982 2985 pg.
2029 2905 2134 2980 24)
2197 2905 2452 2987 alioque
2513 2905 2663 2968 loco

478 3019 544 3070 et
590 3007 1105 3090 Quinquatribus
1151 3010 1478 3071 Minervae
1539 3010 1747 3070 editas
1803 3028 1941 3070 esse
2002 3008 2085 3069 ab
2147 3029 2227 3070 eo
2285 3011 2665 3081 venationes

478 3110 752 3192 legimus
807 3116 1003 3192 (sorte
1047 3115 1253 3176 ducti.
1287 3165 1298 3175 .
1331 3165 1341 3175 .
1372 3114 1636 3175 ederent
1676 3114 1952 3175 eximias
2000 3116 2361 3175 venationes
2400 3125 2460 3175 et
2492 3136 2662 3176 scae·

479 3216 647 3277 nicos
714 3217 895 3279 ludos
956 3239 1015 3299 q.
1078 3215 1176 3301 s.).
1280 3216 1465 3298 Quos
1537 3217 1718 3278 locos
1788 3217 1838 3278 si
1912 3219 1995 3280 ad
2066 3218 2236 3280 solas
2305 3218 2660 3280 bestiarum

478 3321 850 3383 venationes
919 3321 1217 3383 omnibus
1286 3319 1690 3401 temporibus
1760 3322 2209 3383 usitatissimas
2290 3313 2661 3383 referendos

475 3443 614 3484 esse
660 3434 850 3505 putas
876 3426 1301 3487 reminiscaris
1328 3445 1571 3506 quaeso
1608 3424 1733 3486 loci
1761 3422 2133 3487 Suetoniani
2172 3425 2360 3487 huius
2408 3427 2485 3505 (c.
2519 3427 2658 3501 19):

475 3526 832 3590 Armorum
879 3529 1070 3600 nulle,
1121 3530 1512 3608 sagittarmn
1559 3530 1668 3590 vel
1687 3529 2043 3610 praecipuo
2073 3531 2278 3591 sludio
2307 3530 2655 3592 tenebatur.

483 3630 542 3691 C
532 3642 791 3694 entenas
856 3634 1039 3694 varii
1092 3634 1361 3712 generis
1406 3634 1612 3711 feras
1678 3643 1871 3712 saepe
1948 3633 2015 3693 in
2083 3632 2335 3695 Albano
2410 3655 2662 3695 secessu

475 3736 891 3817 cotficientem
963 3746 1330 3816 spectavere
1390 3736 1694 3816 plerique
1753 3757 1812 3816 q.
1879 3757 1924 3797 s,
2039 3737 2109 3796 In
2177 3736 2665 3817 amphitheatro

474 3849 690 3900 autem
716 3839 1073 3901 Domitiani
1120 3840 1524 3920 temporibus
1569 3840 1942 3901 venationes
1989 3839 2263 3901 ferarum
2290 3841 2662 3903 Italicarum

647 4009 712 4077 ⁸⁴)
748 4008 1030 4062 Uberrime
1078 4009 1143 4060 de
1182 4009 1456 4074 Agricolae
1492 4009 1836 4076 expeditione
1873 4007 2181 4061 Biitannica
2228 4011 2339 4077 egit
2374 4009 2656 4075 Imhofiu8‚

471 4095 506 4146 l.
546 4112 590 4153 c.
627 4112 713 4163 pg.
744 4100 981 4158 42—463
1019 4111 1103 4161 pg.
1143 4097 1318 4156 51s52.
1368 4094 1450 4147 De
1486 4093 1830 4161 expeditione
1866 4112 1910 4147 a.
1948 4098 2017 4151 84
2057 4112 2104 4146 v.
2144 4094 2260 4149 Tae.
2283 4098 2405 4163 Agr.
2425 4099 2657 4152 29—38.

473 4182 537 4232 ef.
577 4196 621 4233 c.
661 4185 744 4237 26.
