3031 4640
404 364 497 443 ic

398 536 618 617 epigr.·
667 539 747 615 (v.
799 537 863 617 5)
923 548 986 600 et
1046 535 1230 619 apud'
1282 536 1662 600 Suetonium
1725 537 1789 598 in
1850 536 1983 599 Titi
2042 538 2177 600 vita
2236 558 2292 599 e.
2358 536 2464 618 72>
2527 549 2596 601 et

403 641 580 721 apud
628 623 910 703 Dionem
957 642 1180 704 LXVI
1225 642 1311 704 25
1331 640 1380 720 ²³)
1444 650 1593 704 ante
1642 639 2035 702 thermarum
2082 644 2590 705 exstructionem

399 726 976 825 commemoretur-3
1045 747 1266 821 immo,
1330 747 1396 807 id
1443 746 1622 826 quod
1672 742 1961 806 Suetonii
2008 746 2073 807 in
2118 747 2344 826 primis
2388 746 2592 809 verba

400 847 562 910 infra
645 849 840 911 allata
923 851 1179 925 docent,
1266 850 1613 930 antequam
1694 846 1984 910 thermae
2065 849 2209 912 illae
2294 851 2596 913 Titianae

400 961 880 1015 exstruerentur
925 953 1472 1035 amphitheatrum
1521 961 1658 1014 erat
1704 952 2094 1014 dedicatum.
2133 990 2219 998 —
2251 954 2597 1016 Praeterea

399 1054 526 1118 iam
574 1056 636 1118 in
682 1057 841 1118 actis
888 1056 1058 1120 fratr.
1089 1049 1247 1120 A'rv.
1292 1058 1375 1118 ad
1423 1077 1476 1118 a.
1518 1053 1710 1140 80s81
1760 1056 2225 1137 pertinentibus
2274 1057 2457 1135 (CIL.
2487 1058 2588 1119 VI

395 1159 506 1221 Nr.
557 1158 728 1223 2059
774 1161 850 1223 cf.
904 1160 1070 1222 Guil.
1123 1161 1392 1222 Henzen
1437 1170 1581 1222 acta
1606 1162 1823 1240 fratr.
1875 1159 2037 1223 Arv.
2087 1182 2197 1242 pg.
2266 1161 2417 1224 CVI
2466 1163 2588 1244 sq.)

406 1263 723 1326 sacrificio
771 1265 876 1326 die
921 1265 1010 1326 III
1057 1266 1200 1327 idus
1232 1265 1438 1326 Maias
1483 1263 1687 1325 relato
1731 1263 2144 1345 subsequitur
2187 1266 2600 1346 imperatoris

403 1367 691 1429 edictum
757 1369 839 1430 de
896 1369 1047 1431 locis
1108 1371 1173 1431 in
1229 1367 1704 1448 amphitheatro
1749 1368 2112 1448 adsignatis
2158 1370 2234 1448 (v.
2284 1367 2596 1448 25—34),

405 1471 583 1551 quod
631 1472 915 1533 edictum
960 1482 1114 1534 vota
1161 1473 1495 1554 excipiunt
1542 1462 1647 1533 die
1670 1471 1760 1532 III
1806 1492 2007 1534 nonas
2044 1473 2180 1554 Jan.
2209 1493 2264 1534 a.
2294 1472 2369 1535 81
2396 1460 2593 1533 facta.

579 1575 729 1637 Huc
794 1575 1070 1656 denique
1131 1577 1386 1638 accedit
1444 1575 1622 1657 quod
1681 1575 1811 1637 duo
1880 1577 1968 1638 illi
2035 1576 2279 1658 probae
2340 1573 2596 1654 notae4)

406 1678 651 1740 nummi
713 1715 791 1722 -—
852 1679 1012 1740 alter
1057 1679 1209 1755 Titi,
1274 1680 1435 1742 alter
1494 1679 1853 1741 Domitiani
1917 1717 1991 1725 —-
2055 1680 2288 1762 quibus
2348 1678 2597 1760 amphi-

396 1780 630 1843 theatri
663 1783 884 1863 imago
929 1792 1027 1844 est
1072 1783 1386 1865 impressa
1429 1800 1598 1845 anno
1645 1783 1772 1844 iam
1801 1783 1886 1847 80
1910 1786 2043 1846 cusi
2090 1787 2237 1847 shnt
2262 1783 2585 1862 (Eckhel.,

401 1886 606 1947 doctr.
713 1907 1027 1948 nummor.
1110 1898 1235 1950 vet.
1325 1888 1423 1949 VI
1498 1907 1608 1969 pg.
1689 1886 1945 1966 357s58
2021 1897 2086 1950 et
2154 1888 2320 1968 375).
2440 1887 2592 1949 Non

403 1990 602 2070 igitur
648 1991 1095 2054 Domitianum
1159 1992 1454 2054 aedificia
1513 1990 1623 2053 illa
1683 1990 1802 2052 sibi
1866 1992 2183 2073 imputare
2237 1993 2523 2073 potuisse
2546 1988 2596 2068 ⁵)

405 2092 562 2155 mihi
607 2095 762 2156 satis
808 2104 1077 2157 constat.

577 2197 717 2259 Nec
786 2200 995 2261 minus
1064 2209 1236 2261 certe
1300 2219 1576 2281 sequens
1644 2199 1844 2280 epigr.
1909 2201 1993 2261 ad
2055 2201 2278 2262 Titum
2338 2208 2590 2260 tantum

408 2301 621 2364 referri
680 2323 870 2384 posse
939 2302 1002 2364 in
1057 2313 1284 2385 aperto
1344 2313 1456 2367 est.
1565 2303 1648 2366 V.
1710 2300 1824 2385 5]ss
1893 2302 2437 2385 amphitheatrum
2507 2303 2596 2363 de

403 2426 537 2486 quo
587 2407 786 2468 modo
833 2407 1116 2470 diximus
1162 2408 1458 2489 offertur3
1501 2431 1561 2470 v.
1593 2406 1703 2491 7s8
1750 2409 2040 2471 thermae
2065 2409 2393 2487 Titianae3
2440 2426 2593 2468 nam

583 2628 625 2694 2)
668 2632 1086 2696 Amphitheatro
1140 2632 1391 2686 dedicato
1439 2632 1769 2700 thermisque
1816 2633 1982 2685 iuxta
2032 2633 2274 2686 celeriter
2323 2632 2594 2685 extructis

408 2732 612 2769 munus
649 2716 821 2770 edidit
857 2719 1356 2783 apparatissimum
1393 2718 1887 2786 laryissimumque.

574 2801 615 2871 ³)
653 2800 726 2856 Τὸ
764 2804 819 2857 δὲ
856 2803 921 2875 δὴ
957 2804 1177 2876 θέατρον
1216 2802 1276 2857 τὸ
1311 2801 1647 2876 κυνηγετικὸν
1696 2800 1756 2857 τό
1805 2823 1862 2856 τε
1901 2805 2171 2874 βαλανεῖον
2221 2802 2281 2856 τὸ
2320 2800 2593 2874 ἐπώνυμον

401 2885 561 2943 αὐτοῦ
599 2888 812 2963 ἱερώσας
848 2889 1018 2945 πολλὰ
1053 2893 1142 2945 καὶ
1178 2888 1753 2963 θαυμαστὰὲποίησεν.

571 2976 616 3045 ⁴)
652 2975 970 3044 Vespasiani
1019 2993 1267 3031 nummos
1314 2976 1768 3045 amphitheatrum
1826 2975 1884 3026 in
1931 2991 2116 3028 aversa
2163 2986 2406 3044 gerentes
2454 2992 2580 3028 cum

400 3062 512 3115 sint
559 3063 691 3116 artis
738 3063 1052 3116 recentioris
1100 3064 1362 3132 genuinos
1410 3078 1531 3116 esse
1577 3078 1683 3116 non
1732 3076 1889 3128 posse
1938 3062 2093 3116 docet
2127 3061 2293 3115 Eckh.
2345 3062 2378 3114 l.
2418 3080 2463 3116 c.
2501 3080 2592 3132 pg.

399 3150 612 3215 340s41.
687 3150 764 3202 De
801 3149 1012 3203 duobus
1049 3149 1170 3203 aliis
1218 3149 1456 3203 nummis
1505 3149 1736 3202 eundem
1783 3151 1977 3216 typum
2025 3149 2409 3203 exhibentibus
2457 3150 2595 3203 alter

399 3238 686 3303 suspectus
734 3235 959 3289 habetur
1007 3236 1198 3306 (Eckh.
1248 3252 1333 3304 pg.
1371 3236 1518 3305 359),
1567 3234 1700 3288 alter
1748 3235 1841 3303 qui
1887 3236 1997 3288 iam
2043 3236 2100 3287 in
2149 3235 2432 3289 consulatu
2480 3236 2587 3289 Titi

399 3322 629 3388 septimo
666 3322 701 3377 i.
741 3339 786 3374 e.
824 3339 868 3374 a.
891 3328 958 3379 79
994 3324 1446 3391 amphitheatrum
1483 3323 1699 3391 praebet
1734 3323 2027 3389 perfectum
2064 3324 2242 3390 aperte
2278 3322 2447 3376 falsus
2483 3326 2597 3391 est,

400 3407 464 3461 de
503 3423 608 3474 quo
644 3407 904 3475 inspicias
942 3408 1106 3461 Eckh.
1146 3427 1232 3478 pg.
1269 3416 1388 3467 360.

573 3493 617 3562 ⁵)
655 3492 735 3547 De
773 3511 877 3562 qua
912 3495 1208 3549 Domitiani
1245 3496 1635 3550 consuetudine
1671 3496 1736 3549 cf.
1776 3495 1921 3547 Suet.
1960 3495 2113 3548 Dom.
2148 3500 2179 3551 5
2216 3497 2480 3551 Plurima
2538 3504 2594 3551 et

406 3581 754 3646 amplissima
780 3595 949 3647 opera
983 3585 1237 3638 incendio
1275 3585 1571 3649 absumpta
1604 3584 1879 3637 restituit:
1915 3583 1980 3635 iu
2018 3585 2141 3650 quis
2171 3590 2221 3637 et
2247 3583 2594 3650 Capitolium

409 3668 555 3736 quod
590 3684 789 3722 rursus
829 3676 1074 3722 arserat:
1121 3670 1216 3724 sed
1251 3671 1439 3730 omnia
1473 3670 1575 3723 sub
1613 3671 1775 3723 titulo
1811 3675 2034 3723 tautum
2069 3686 2169 3724 suo
2208 3688 2274 3724 ae
2310 3674 2429 3726 sine
2463 3673 2588 3727 ulla

398 3756 629 3821 pristini
667 3758 915 3810 auctoris
951 3758 1226 3809 memoria.
1319 3753 1428 3807 Sub
1464 3756 1694 3821 pristini
1729 3755 1872 3806 enim
1926 3757 2168 3809 auctoris
2203 3772 2335 3809 voce
2374 3757 2590 3811 intelle·

399 3840 599 3907 gendos
653 3856 774 3894 esse
828 3842 1031 3908 patrem
1087 3842 1142 3893 in
1198 3841 1389 3908 primis
1442 3840 1739 3894 Domitiani
1794 3840 2113 3908 fratremque
2179 3858 2309 3902 cum
2362 3844 2591 3898 Imhofio

401 3926 477 3989 (Τ.
515 3925 739 3979 Flavius
775 3926 1135 3993 Domitianus,
1172 3927 1328 3980 Halle
1353 3932 1503 3994 1857,
1541 3945 1627 3996 pg.
1666 3927 1757 3996 84)
1794 3927 1948 3980 facile
1986 3928 2304 3982 crediderim
2340 3932 2589 3998 respectu

399 4012 582 4065 habito
617 4013 809 4065 horum
863 4016 994 4066 Aur.
1022 4013 1260 4068 Victoris
1297 4015 1582 4067 verborum
1620 4012 1706 4083 (de
1727 4012 1872 4067 Caes.
1892 4013 2029 4080 XI):
2068 4016 2430 4073 Domitianus
2468 4057 2479 4068 .
2521 4059 2532 4071 .
2573 4060 2588 4071 .

399 4101 579 4152 multa
616 4116 782 4167 opera
819 4102 1083 4154 inchoata
1115 4119 1216 4169 per
1246 4108 1464 4169 patrem
1503 4102 1588 4155 vel
1620 4101 1826 4166 fratris
1862 4103 2048 4156 studio
2090 4110 2256 4172 atque
2290 4107 2359 4158 iu
2388 4107 2592 4170 primis

409 4184 745 4250 Capitolium
784 4186 1031 4239 absolvit.
