3031 4640
494 393 577 457 70

490 564 751 626 45—48
800 565 898 644 (cf.
950 565 1009 626 X
1038 564 1146 636 24)
1192 585 1411 627 senem
1460 565 1588 626 iam
1634 585 1704 626 se
1750 585 1889 627 esse
1936 564 2162 637 dicere·
2197 584 2345 625 eum
2391 563 2685 644 potuisse

494 669 704 731 minus
748 669 1003 731 videtur
1047 669 1181 731 veri
1226 668 1452 731 simile.

668 771 802 836 Sed
870 773 1079 852 magis
1165 772 1319 835 mihi
1383 773 1722 853 magisque
1781 793 1947 835 nunc
2016 791 2394 853 persuasum
2463 767 2682 832 habeo

492 886 758 957 poetam
818 875 1008 938 simili
1073 886 1268 957 atque
1323 876 1598 938 subinde
1657 874 1966 940 Horatius
2028 877 2228 938 modo
2289 895 2407 957 per
2462 875 2680 937 iocum

491 1001 639 1042 sene
684 979 788 1041 hic
812 998 975 1041 voce
1021 1000 1208 1042 usum
1254 1000 1411 1055 esse,
1462 990 1533 1042 ut
1581 979 1932 1042 multorum
1980 1000 2294 1042 annorum
2343 998 2681 1040 numerum

490 1083 745 1145 Romae
789 1092 1202 1163 peractorum
1250 1084 1648 1165 exprimeret
1702 1084 1805 1163 (cf.
1836 1085 2086 1146 Flachii
2135 1085 2280 1146 adn.
2317 1083 2402 1144 ad
2447 1083 2476 1143 I
2511 1079 2686 1160 108).

666 1185 789 1267 Ep.
850 1186 879 1247 I
937 1185 1020 1250 88
1095 1187 1337 1249 Alcimi
1397 1187 1698 1269 deplorat
1753 1198 1949 1269 poeta
2005 1189 2211 1251 fatum
2274 1186 2455 1269 pueri
2517 1207 2683 1247 cres-

494 1290 770 1352 centibus
816 1291 1004 1352 annis
1051 1293 1126 1370 (v.
1175 1287 1309 1372 6s7)
1356 1291 1480 1355 sibi
1528 1293 1765 1372 ereptiz,
1823 1313 1924 1374 ep.
1988 1293 2186 1373 igitur
2230 1291 2296 1353 V
2345 1289 2473 1353 642
2533 1302 2686 1351 cum

491 1404 748 1474 praeter
823 1392 1161 1456 Callistum
1229 1394 1529 1458 Alcimus
1598 1406 2007 1471 memoretur,
2078 1405 2312 1476 poetae
2382 1393 2684 1456 nimirum

492 1498 797 1572 servulus,
864 1498 1106 1579 duplici
1170 1500 1371 1561 modo
1428 1501 1713 1563 iudicare
1761 1521 1876 1562 nos
1921 1520 2113 1582 posse
2169 1501 2234 1562 in
2280 1508 2507 1580 aperto
2551 1488 2685 1559 est:

496 1611 607 1663 aut
662 1621 760 1682 ep.
828 1601 856 1662 Ι
902 1600 984 1666 88
1044 1611 1196 1682 post
1239 1602 1300 1660 V
1346 1603 1432 1665 64
1491 1605 1803 1686 scriptum
1863 1624 2003 1666 esse
2061 1604 2351 1666 dicemus
2407 1611 2519 1664 aut
2577 1601 2686 1663 alii

495 1726 683 1768 servo
707 1715 972 1786 poetam
997 1715 1256 1787 gratum
1302 1707 1422 1769 sibi
1471 1708 1755 1770 defuncti
1799 1707 2041 1770 Alcimi
2092 1728 2329 1769 nomen
2373 1705 2690 1768 indidisse

495 1819 869 1871 statuemus,
980 1808 1133 1891 Quo
1192 1832 1347 1874 vero
1408 1813 1544 1873 iure
1606 1811 1799 1874 Giese
1847 1812 1882 1874 l.
1934 1832 1986 1873 e.
2038 1832 2146 1893 pg.
2209 1811 2250 1875 5
2312 1821 2376 1874 et
2440 1811 2682 1874 Friedl.

499 1914 605 1975 ed.
652 1913 711 1975 II
754 1933 865 1994 pg.
918 1914 1044 1977 373
1090 1914 1334 1978 Alcimi
1382 1936 1618 1979 nomen
1675 1917 1887 1997 priore
1933 1917 2136 1998 epigr.
2184 1937 2428 1991 verum,
2480 1914 2694 1977 altero

495 2016 730 2079 fictum
776 2037 917 2079 esse
965 2020 1432 2093 contenderint,
1481 2020 1608 2081 huc
1655 2040 1858 2101 usque
1917 2021 2234 2101 dispicere
2295 2041 2424 2083 non
2482 2020 2691 2101 potui.

679 2119 1167 2185 Consideranda
1200 2124 1348 2185 dein
1387 2126 1518 2186 duo
1564 2133 1712 2186 sunt
1757 2144 1855 2205 ep.
1886 2124 1944 2185 II
1975 2125 2058 2187 57
2105 2123 2252 2187 etV
2286 2124 2401 2186 26:
2452 2123 2690 2187 mirum

498 2226 669 2287 enim
730 2225 934 2288 videri
992 2237 1208 2307 potest
1269 2229 1444 2308 quod
1513 2218 1842 2323 poetafl-—
1890 2249 2034 2290 cum
2096 2228 2251 2291 alias
2298 2230 2430 2291 duo
2475 2229 2685 2309 epigr.

672 2483 775 2536 Sed
812 2483 918 2536 iam
944 2483 1110 2541 V158
1147 2484 1205 2536 in
1240 2485 1485 2538 morbum
1525 2486 1590 2538 de
1625 2485 1834 2553 integro
1861 2485 2385 2554 perniciosissimum
2421 2486 2693 2539 incidisse

498 2571 730 2632 videtur,
767 2571 929 2623 euius
965 2570 1023 2622 vi
1059 2587 1184 2623 oum
1222 2570 1300 2624 VI
1337 2576 1404 2628 58
1444 2572 1703 2625 scriberet
1733 2569 1891 2641 plane
1927 2576 2038 2626 erat
2074 2573 2388 2640 depressus:

816 2657 861 2710 Ο
898 2675 1067 2726 quam
1100 2671 1276 2724 paene
1312 2659 1413 2712 tibi
1450 2659 1681 2728 Styyias
1716 2677 1811 2729 eqo
1845 2668 2048 2729 raptus
2087 2662 2161 2715 ad
2197 2661 2385 2715 unda-3

917 2744 1150 2813 Elysiae
1185 2744 1303 2798 vidi
1339 2746 1538 2799 nubila
1572 2746 1736 2810 fusca
1771 2747 2009 2815 pzaqae!

817 2831 1081 2898 Quamvis
1118 2831 1284 2897 lassa,
1324 2837 1446 2885 tuos
1485 2832 1828 2900 quaerebant
1864 2834 2081 2888 lumina
2115 2835 2302 2888 vultus

922 2922 1099 2986 Atque
1133 2923 1256 2972 erat
1290 2920 1353 2970 in
1384 2919 1565 2985 qelido
1599 2920 1875 2985 plurimus
1910 2936 2002 2973 ore
2037 2920 2281 2973 Pudens.

811 3002 875 3056 Si
910 3006 1047 3057 mihi
1084 3005 1345 3071 lanificae
1380 3021 1494 3058 non
1531 3005 1745 3059 ducunt
1778 3006 1938 3072 pulla
1973 3022 2182 3060 sorores

916 3090 1178 3145 Stamina
1213 3107 1262 3158 q.
1303 3106 1345 3144 S.

499 3174 598 3227 Ille
633 3177 717 3226 est
755 3175 973 3229 morbus
1011 3176 1105 3245 qui
1143 3179 1325 3245 poetae
1366 3176 1442 3230 VI
1478 3182 1547 3235 70
1564 3177 1606 3207 ¹⁵
1640 3177 1871 3232 extorsit
1905 3178 2164 3247 gemitum

825 3263 947 3316 Non
982 3271 1062 3318 est
1095 3267 1288 3330 vivere,
1326 3266 1421 3319 sed
1454 3267 1637 3319 valere
1669 3267 1816 3330 vita3

500 3348 659 3401 cuius
694 3349 1064 3402 reminiscitur
1098 3349 1235 3403 VIII
1269 3355 1362 3408 25:

825 3436 1030 3490 Vidisti
1063 3439 1239 3503 semel,
1284 3436 1559 3504 oppiana,
1597 3444 1818 3493 tantum

812 3522 1058 3592 Aeyrum
1091 3540 1174 3577 me
1208 3525 1351 3578 male
1385 3539 1464 3592 sq.

500 3606 580 3659 VI
619 3612 686 3665 86
724 3611 933 3675 poetam
969 3609 1201 3676 denique
1238 3610 1384 3663 refici
1424 3611 1646 3679 quidem
1682 3625 1869 3664 rursus
1906 3610 2173 3674 videmuS‚
2223 3610 2316 3662 sed
2354 3609 2691 3664 medicorum

500 3694 676 3746 adhue
710 3697 991 3762 praecepta
1024 3696 1185 3749 anxie
1221 3695 1621 3750 observantem:

711 3781 963 3835 Setinum
998 3783 1358 3852 dominaeque
1391 3787 1546 3838 nives
1581 3784 1842 3853 densique
1878 3784 2122 3849 trienteS,

820 3868 1061 3936 Quando
1096 3885 1191 3938 eqo
1225 3885 1319 3922 vos
1355 3870 1560 3924 medico
1594 3886 1708 3923 non
1743 3870 2062 3936 prohibente
2098 3869 2278 3922 bibam
2299 3868 2327 3922 ,9

678 3952 784 4006 Res
803 3970 927 4005 eum
963 3954 1039 4006 ita
1076 3955 1166 4020 sit,
1202 3955 1409 4021 poetam
1434 3954 1736 4022 complures
1755 3954 1812 4007 in
1831 3954 2116 4006 minimum
2133 3969 2347 4007 menses
2366 3954 2695 4022 gravissime

503 4041 802 4104 aegrotasse
851 4038 1237 4104 concedemus3
1292 4039 1369 4092 ita
1415 4043 1479 4093 ut
1534 4056 1666 4107 quae
1720 4042 1873 4093 antea
1925 4041 1991 4092 de
2043 4039 2462 4107 epigrammaton
2513 4040 2690 4096 libelli

501 4123 834 4190 temporibus
869 4124 1268 4191 disputavimus
1308 4124 1392 4191 (ef.
1430 4141 1515 4192 pg.
1554 4127 1643 4192 31)
1700 4126 2051 4193 prosperrime
2107 4125 2477 4180 observatione
2527 4128 2694 4183 modo

503 4209 774 4274 proposita
808 4210 1101 4261 firmentur.
