3031 4640
2528 288 2621 361 39

744 468 844 532 Cu
860 493 923 533 m
970 480 1057 532 tot
1096 471 1405 534 abortivis
1430 471 1789 551 fecundam
1836 469 2006 532 Iulia
2050 472 2314 533 vulvam

738 574 1031 636 Solveret
1068 585 1130 636 et
1156 585 1399 655 patruo
1443 575 1687 636 similes
1734 574 2091 653 effimderet
2130 575 2295 654 offas
2341 595 2400 655 q.
2454 595 2500 635 s,

594 678 842 759 Legem
889 679 1116 740 Iuliam
1162 699 1322 759 ergo
1376 679 1525 741 viva
1583 678 1794 739 adhuc
1842 677 1974 740 Titi
2037 677 2167 740 filia
2227 699 2345 740 nec
2408 678 2616 740 multo

420 793 769 864 antequam
839 782 1046 845 obiret
1114 785 1327 862 denuo
1393 782 1874 864 promulgatam
1961 801 2099 842 esse
2178 792 2426 844 certum
2496 792 2609 844 est.

421 887 705 949 Mortem
745 896 961 949 autem
988 886 1185 949 Iuliae
1230 885 1531 948 facillime
1577 895 1956 967 computare
2001 906 2346 967 possumus
2390 907 2426 948 e
2469 885 2610 947 frat.

420 991 580 1053 Arv.
632 991 868 1053 tabulis
914 992 1195 1072 septimo
1241 1000 1604 1071 octavoque
1651 990 1884 1052 abhinc
1948 991 2264 1054 decennio
2322 991 2609 1073 repertis,
2659 973 2663 980 ⁴

420 1096 589 1157 Nam
653 1097 715 1158 in
779 1095 1000 1158 tabula
1058 1115 1094 1156 e
1155 1093 1382 1175 fragm.
1448 1095 1628 1156 annis
1688 1093 2118 1157 1867—1870
2180 1117 2221 1157 ,e
2277 1094 2615 1159 ruderibus

356 1254 363 1263 .
419 1199 665 1271 effossis
695 1200 1076 1280 composita
1132 1218 1298 1279 quae
1359 1219 1458 1260 res
1517 1199 1776 1279 respicit
1833 1200 1982 1261 inde
2044 1220 2083 1260 a
2145 1199 2250 1261 die
2312 1197 2401 1258 III
2462 1218 2607 1259 non.

418 1303 548 1365 Ian.
596 1305 741 1366 anni
791 1304 870 1366 87
920 1323 1120 1384 usque
1167 1304 1251 1365 ad
1299 1303 1472 1364 diem
1513 1302 1706 1365 XVII
1752 1302 1877 1364 kal.
1903 1303 2054 1364 Mai.
2105 1323 2159 1364 a.
2191 1300 2273 1365 88
2301 1301 2611 1382 gestas¹¹)

420 1407 580 1469 Iulia
647 1408 985 1489 aliquoties
1054 1427 1201 1467 cum
1262 1406 1644 1468 Domitiano
1711 1416 1777 1468 et
1844 1406 2138 1468 Domitia
2204 1413 2614 1468 enumeratur

424 1511 502 1590 (v.
532 1533 588 1572 v.
623 1508 768 1593 7s83
819 1511 936 1591 153
984 1510 1103 1588 263
1151 1510 1270 1588 313
1317 1509 1442 1588 58).
1517 1508 1685 1572 Cum
1731 1531 1860 1591 qua
1906 1510 2126 1572 tabula
2150 1510 2613 1590 subsequentes

427 1616 595 1676 duae
639 1615 1005 1696 iungendae
1050 1623 1214 1688 sunt,
1265 1614 1465 1676 altera
1511 1635 1681 1676 anno
1706 1614 1788 1678 89
1829 1615 2059 1694 posita,
2079 1612 2153 1691 12)
2201 1613 2403 1675 altera
2427 1633 2480 1674 a.
2506 1612 2607 1674 90.

418 1718 598 1780 Prior
644 1719 930 1780 continet
976 1729 1122 1780 acta
1166 1718 1337 1796 fratr.
1364 1718 1522 1781 Arv.
1570 1719 1719 1780 inde
1764 1739 1802 1779 a
1848 1719 1954 1780 die
2001 1718 2215 1780 idibus
2256 1718 2385 1779 Ian.
2435 1737 2610 1798 prae-

401 1823 691 1885 -cedente
714 1822 784 1903 13)
857 1843 1055 1905 usque
1115 1824 1199 1884 ad
1258 1823 1317 1884 d.
1384 1822 1478 1885 111
1540 1822 1664 1883 kal.
1718 1822 1908 1883 Febr.
1975 1821 2073 1901 (cf.
2132 1845 2189 1885 v.
2254 1821 2360 1900 40)
2422 1820 2609 1882 facta.

422 1923 481 1987 E
530 1947 658 2007 qua
704 1927 924 1990 tabula
981 1929 1136 1989 satis
1198 1926 1599 1989 confidenter
1657 1927 1953 1987 conicere
1997 1946 2340 2007 possumus
2384 1924 2610 1987 Iuliam

422 2030 587 2092 intra
651 2031 788 2093 dies
852 2032 993 2094 illos
1051 2041 1371 2094 mortuam
1433 2052 1560 2092 non
1620 2051 1775 2092 esse.
1869 2031 2039 2092 Nam
2099 2031 2337 2092 scimus
2395 2052 2429 2090 c
2476 2029 2606 2091 Iuv.

419 2144 534 2195 sat.
608 2134 720 2208 II,·
771 2135 927 2197 Plin.
993 2137 1140 2197 min.
1207 2135 1388 2215 epist.
1451 2133 1547 2195 1V
1601 2134 1697 2209 11,
1758 2135 1797 2196 6
1859 2134 1935 2195 al.
2044 2134 2272 2196 Iuliam
2333 2143 2611 2214 cogente

490 2239 802 2300 omitiano
861 2238 1112 2300 efflasse
1174 2239 1490 2316 animam3
1568 2258 1604 2298 e
1665 2237 1881 2319 lapide
1944 2248 2161 2300 autem
2219 2237 2329 2300 illo
2387 2238 2611 2299 Domi-

489 2364 662 2404 mum
710 2354 848 2406 tum
895 2345 1147 2405 Romae
1194 2364 1322 2405 non
1366 2353 1693 2405 versatum
1742 2364 1880 2409 esse
1928 2353 2197 2405 constat.
2224 2342 2299 2423 14)
2393 2341 2611 2423 Quare

489 2468 567 2508 nm
614 2449 903 2529 sequenti
951 2447 1173 2509 tabula
1218 2456 1669 2509 enumerentur
1714 2467 1879 2528 quae
1928 2447 2075 2508 inde
2121 2467 2161 2508 a
2206 2449 2266 2508 d.
2316 2444 2416 2507 111
2461 2467 2606 2508 non.

493 2572 548 2612 n.
579 2552 726 2613 a90
771 2562 916 2613 acta
963 2553 1088 2613 sint
1136 2572 1252 2613 nec
1299 2550 1497 2613 Iuliae
1545 2552 1787 2613 ibidem
1836 2551 2078 2613 mentio
2124 2550 2239 2612 fiat
2285 2549 2382 2630 (cf.
2418 2572 2477 2612 v.
2514 2552 2611 2625 11)

489 2652 820 2716 educamus
877 2676 1136 2717 necesse
1193 2665 1289 2717 est
1335 2655 1562 2717 Iuliam
1623 2657 1789 2717 intra
1852 2676 2102 2717 menses
2164 2654 2305 2716 illos
2363 2655 2513 2715 inde
2570 2674 2611 2714 a

490 2779 640 2820 ense
702 2759 892 2820 Febr.
959 2760 1103 2821 anni
1154 2759 1234 2821 89
1297 2780 1499 2841 usque
1562 2762 1646 2821 ad
1707 2780 1902 2821 mens,
1969 2760 2095 2820 Ian.
2162 2757 2656 2837 subsequentis·

489 2863 570 2923 mi
640 2864 1031 2943 pertinentes
1099 2864 1353 2925 obiisse.
1469 2864 1626 3033 lnge
1694 2864 1981 2945 sequitur
2049 2884 2149 2944 ep.
2216 2863 2251 2925 7
2313 2861 2453 2923 libri
2514 2861 2611 2923 VI

489 2967 857 3047 ›nscriptum
933 2986 1070 3027 esse
1144 2967 1309 3028 intra
1384 2967 1525 3047 ipsu
1673 2967 1829 3029 illud
1907 2967 2204 3028 undecim
2293 2966 2609 3028 mensium

490 3069 827 3132 tervallum
853 3070 997 3131 anni
1026 3069 1125 3133 89.
1208 3070 1339 3132 Sed
1387 3071 1606 3152 paullb
1653 3070 1937 3132 fortassis
1982 3070 2258 3152 amplius
2304 3070 2609 3151 progredi

489 3184 586 3235 :et.
661 3173 1070 3235 Examinatis
1109 3174 1278 3235 enim
1319 3175 1569 3236 indiciis
1594 3175 1752 3236 haec
1779 3175 1933 3237 mihi
1960 3185 2254 3237 constare
2279 3175 2605 3237 videntur:

594 3345 657 3412 ¹¹)
695 3344 758 3395 In
796 3344 953 3397 sexto
1000 3358 1115 3393 eam
1152 3341 1397 3395 invenies
1436 3344 1565 3396 CIL.
1605 3345 1709 3398 vol.
1748 3364 1798 3398 n.
1838 3351 1975 3405 2065
2012 3350 2066 3399 et
2113 3348 2170 3399 in
2210 3345 2454 3399 Henzeni
2504 3349 2609 3400 aot.

522 3433 649 3482 Arv.
700 3447 784 3499 pg.
825 3428 1242 3481 CXVI—CXX.
1319 3430 1611 3496 Sequentes
1661 3433 1795 3485 duas
1844 3434 1901 3485 in
1940 3432 2067 3486 CIL.
2119 3451 2169 3485 n.
2208 3437 2345 3490 2066
2381 3436 2435 3486 et
2472 3437 2607 3491 2067

511 3533 592 3583 ap.
633 3515 800 3569 ΗΘΜ.
842 3524 934 3583 pg.'
964 3514 1147 3569 CXXI
1183 3532 1260 3583 sq.

596 3602 657 3671 12)
693 3602 794 3656 Illo
829 3604 973 3655 enim
1010 3602 1237 3655 incisam
1274 3618 1391 3655 eam
1427 3618 1546 3655 esse
1582 3620 1719 3657 anno
1756 3607 2085 3675 argumentis
2106 3606 2290 3674 probat
2310 3606 2605 3660 luculentis

489 3687 643 3740 zfizen
682 3688 714 3740 l.
754 3706 798 3741 e.
838 3706 922 3757 pg.
963 3688 1148 3742 CXXI
1184 3689 1305 3742 adn.

594 3775 657 3842 ¹³)
697 3774 772 3829 Cf.
821 3792 872 3827 v.
914 3780 996 3843 13,
1033 3776 1126 3829 ubi
1164 3777 1222 3828 in
1270 3776 1546 3828 decurtata
1591 3775 1770 3829 tabula
1816 3781 2030 3830 exstant
2070 3780 2268 3832 duetus
2310 3776 2421 3833 PR.
2460 3777 2609 3846 ID53

489 3876 546 3914 us
584 3859 856 3915 Ianuarias
894 3862 1216 3929 supplendas
1252 3876 1371 3915 esse
1407 3878 1437 3914 e
1475 3878 1586 3929 seq.
1625 3863 1873 3916 versibus
1910 3863 2149 3917 dilucide
2186 3869 2417 3932 apparet.

600 3947 660 4012 ¹⁴)
702 3945 776 3998 Cf.
815 3966 866 4000 v.
910 3954 1000 4005 14:
1037 3963 1139 4015 pro
1173 3952 1355 4003 salute
1391 3955 1440 4002 et
1476 3948 1731 4015 vict[oria
1769 3956 1818 4003 et
1854 3950 2057 4018 reditu]
2096 3953 2225 4017 imp.
2266 3951 2427 4007 Dom.
2456 3989 2465 3999 .
2493 3989 2537 4001 ..

802 4052 852 4086 v-
892 4039 986 4091 21:
1023 4049 1126 4102 pro
1161 4037 1343 4089 salute
1379 4042 1430 4089 et
1464 4032 1677 4102 νεάτην,
1713 4035 1784 4104 et]
1824 4038 2090 4090 victoria.
2116 4077 2126 4088 .
2152 4078 2198 4089 ..

807 4138 856 4173 v,
897 4126 992 4180 41:
1029 4136 1131 4188 pro
1166 4124 1347 4177 salute
1382 4128 1432 4177 et
1468 4121 1694 4190 remita]
