3031 4640
2451 342 2537 406 65

343 522 575 594 quarta
644 514 840 593 igitur
909 512 1340 575 declinatione
1410 514 1772 576 derivatum
1835 515 2145 596 posuisse.
2251 515 2352 576 Ne
2424 515 2535 578 diu

342 637 616 699 quaeras
662 619 956 699 quisnam
1004 618 1087 680 sit
1146 618 1325 679 locus
1370 618 1517 680 talis
1564 620 1670 699 qui
1724 617 2093 680 Caeciliano
2155 617 2241 679 illi
2303 639 2536 699 oppor-

341 721 684 783 tunitatem
745 722 997 784 dederit
1052 731 1287 802 poetae
1346 722 1548 783 verba
1604 733 1828 785 nasute
1896 722 2276 785 traducendi
2340 731 2536 803 atque

343 816 670 899 irridendi,
721 826 1007 906 aperiam
1033 825 1150 887 tibi
1199 825 1441 887 nullum
1491 825 1687 888 aliurn
1734 847 1873 888 esse
1919 827 2206 908 potuisse
2252 862 2337 870 —-
2382 846 2533 888 cum

341 928 495 990 alibi
543 949 856 1010 nusquam
904 938 1101 1010 poeta
1130 929 1429 991 vocabuli
1478 929 1660 990 istius
1706 949 1838 990 ace.
1890 928 2051 1010 plur.
2104 931 2537 1014 usurparit—-

344 1033 461 1093 nisi
512 1053 611 1113 ep.
664 1032 789 1096 Vll
836 1033 912 1095 71
965 1034 1143 1115 quod
1191 1032 1557 1120 induobus
1601 1033 1890 1095 versibus
1936 1032 2112 1095 hisce
2161 1035 2428 1096 desinit:

559 1135 713 1198 Cum
761 1138 889 1199 sint
909 1138 1105 1220 ficosi
1131 1138 1398 1217 pariter
1442 1138 1819 1218 iuvenesque
1862 1158 2164 1217 senesque

657 1240 790 1302 Res
836 1242 1011 1302 mira
1057 1252 1168 1314 est,
1200 1242 1365 1324 ficos
1411 1263 1533 1302 non
1578 1241 1773 1303 habet
1811 1261 1974 1302 unus
2020 1261 2203 1321 ager.

520 1342 652 1406 Sed
723 1365 848 1406 una
917 1344 1176 1407 obstare
1241 1345 1500 1407 videtur
1568 1344 1941 1407 difficultas:
2027 1346 2336 1426 scriptam
2406 1345 2536 1407 illic

342 1448 700 1510 invenimus
746 1450 810 1510 in
866 1449 1042 1510 libris
1101 1451 1403 1530 (excepto
1467 1470 1596 1510 uno
1641 1448 1969 1510 Vossiano
2029 1447 2081 1510 C
2143 1469 2309 1511 saec,
2360 1447 2535 1527 XIV)

341 1551 618 1613 formam
666 1552 860 1633 ficos3
908 1574 1104 1634 quam
1152 1554 1202 1614 si
1252 1574 1317 1614 re
1343 1573 1493 1615 vera
1540 1553 1628 1614 ibi
1675 1573 1712 1614 a
1758 1562 1956 1633 poeta
2001 1552 2362 1614 adhibitam
2394 1573 2536 1614 esse

346 1656 873 1732 concederemus,
924 1658 1331 1720 necessitudo
1379 1657 1486 1718 illa
1533 1666 1752 1718 nostra
1790 1657 2105 1718 sententia
2162 1656 2327 1717 inter
2373 1656 2402 1718 Ι
2450 1653 2535 1718 65

341 1769 410 1821 et
447 1759 563 1822 VII
598 1761 673 1822 71
726 1761 1069 1822 statuenda
1115 1759 1460 1823 tolleretur.
1542 1760 1643 1821 Ne
1692 1759 1908 1821 multis
1955 1769 2018 1821 te
2065 1780 2306 1821 morer:
2354 1760 2535 1821 notio

343 1884 493 1925 cum
542 1864 670 1926 illic
719 1866 1120 1927 desideretur
1167 1885 1294 1926 non
1321 1865 1566 1944 frugis
1610 1864 1785 1935 (nam
1831 1864 2048 1944 fruges
2093 1884 2286 1945 agros
2313 1883 2536 1925 revera

348 1987 727 2048 procreasse
775 1970 834 2030 in
887 1978 1114 2049 aperto
1146 1971 1268 2048 est)
1302 1970 1416 2031 sed
1450 1970 1708 2041 ulceris,
1759 1967 1987 2029 ulceris
2018 1988 2173 2030 vero
2205 1968 2535 2029 notionem

345 2108 428 2116 --
479 2072 665 2134 sicuti
736 2093 771 2134 e
830 2073 857 2135 I
920 2072 1002 2136 65
1073 2074 1497 2154 conspicuum
1545 2107 1627 2117 --
1676 2083 1938 2153 poetam
2009 2071 2167 2133 ficus
2234 2069 2534 2133 vocabuli

347 2185 578 2256 quarta
647 2177 1076 2239 declinatione
1145 2178 1413 2239 derivati
1484 2178 1692 2239 forma
1750 2176 2114 2257 exprimere
2171 2195 2534 2250 consuesse,

347 2290 590 2362 aperte,
619 2301 766 2343 cum
794 2302 872 2343 ne
899 2281 1066 2343 mica
1091 2281 1355 2363 quidem
1382 2282 1533 2344 salis
1558 2282 1793 2344 inesset
1817 2279 2272 2361 epigrammati
2299 2279 2420 2343 VII
2453 2278 2530 2343 71

345 2386 396 2446 si
447 2384 605 2446 ficos
653 2368 990 2466 legeretur,
1041 2384 1202 2447 ficus
1249 2377 1635 2468 scripturam
1698 2384 2107 2447 restituamus
2154 2394 2430 2464 oportet.
2457 2383 2535 2463 ¹5)

529 2609 591 2677 15)
628 2608 710 2661 Ne
748 2608 884 2660 mihi
923 2625 1157 2676 opponas
1193 2609 1412 2678 infringi
1453 2626 1587 2677 quae
1625 2609 1781 2662 modo
1802 2608 2190 2661 coniecerimus
2209 2622 2290 2674 ep.
2310 2604 2448 2658 XIII
2468 2611 2538 2664 28

344 2710 509 2747 versu
557 2698 618 2751 2:
675 2696 879 2748 dudum
930 2694 1204 2749 Gilbertus
1265 2713 1498 2764 eumque
1560 2698 1782 2749 secutus
1829 2694 2028 2749 Friedl.
2088 2693 2390 2746 rectissime
2437 2709 2535 2760 pro

348 2781 614 2848 scriptura
648 2784 786 2850 ficus
824 2789 1011 2837 erant
1047 2800 1077 2835 a
1114 2782 1348 2835 librariis
1387 2784 1585 2836 vitiose
1623 2781 1822 2849 scripta
1867 2782 2153 2848 genuinam
2200 2780 2309 2832 iam
2345 2794 2536 2832 vocem

341 2871 480 2935 ficus
517 2876 653 2933 erat,
691 2885 850 2920 unam
890 2868 1034 2921 illam
1071 2869 1469 2936 epigrammatis
1507 2884 1672 2922 sensu
1708 2868 1995 2935 probatam,
2033 2866 2328 2919 restituere.

520 2956 765 3007 Attamen
801 2954 942 3007 alius
978 2958 1157 3008 exstat
1205 2954 1356 3008 locus
1395 2956 1490 3023 qui
1527 2955 1643 3008 iure
1681 2953 1850 3006 multo
1887 2956 2085 3006 maiore
2141 2953 2534 3007 dubitationem

343 3041 501 3094 nobis
538 3057 752 3095 movere
789 3042 989 3107 possit:
1039 3041 1232 3094 lemma
1283 3041 1403 3094 dico
1440 3041 1810 3108 epigrammati
1846 3039 1987 3092 XIII
2020 3044 2089 3096 23
2127 3039 2534 3106 praescriptum.

342 3128 678 3182 Recentioris
716 3128 861 3179 enim
897 3128 1017 3179 aevi
1055 3128 1285 3180 editores
1322 3143 1506 3180 omnes
1544 3158 1610 3165 —-
1648 3127 1915 3179 lemmatis
1953 3126 2211 3179 nimirum
2247 3128 2300 3178 et
2321 3142 2534 3193 praece-

342 3214 596 3268 dentibus
632 3215 686 3266 et
717 3213 1172 3279 subsequentibus
1192 3213 1446 3266 commoti
1467 3213 1875 3280 —scripturam
1910 3215 2048 3280 ficus
2074 3213 2246 3267 Chiae
2283 3212 2536 3279 quamvis

343 3301 603 3355 librorum
641 3299 956 3352 auctoritate
992 3298 1215 3350 minime
1251 3299 1506 3352 fulciatur
1544 3300 1706 3366 (unus
1744 3299 2026 3352 Thuaneus
2052 3299 2250 3367 civiae)
2288 3314 2383 3365 pro
2421 3298 2535 3351 sin-

342 3386 514 3455 gulari
552 3403 774 3440 numero
811 3385 1046 3451 recipere
1083 3400 1188 3437 non
1227 3385 1558 3439 dubitarunt.
1632 3384 1859 3438 Tantum
1908 3401 2035 3438 vero
2070 3385 2249 3438 valere
2287 3383 2538 3437 lemmata.

340 3474 436 3527 illa
470 3477 533 3527 ut
569 3474 829 3526 adversus
868 3473 1018 3526 codd.
1069 3471 1441 3524 auctoritatem
1492 3475 1756 3525 servatam
1806 3472 2157 3528 immutemus
2211 3471 2534 3540 scripturam

339 3561 484 3614 haud
539 3561 652 3613 seio
706 3578 774 3613 an
824 3559 1150 3613 confidenter
1210 3557 1484 3624 possimus
1533 3559 1895 3626 pronuntiare,
1945 3559 2256 3626 praesertim
2307 3574 2432 3610 cum
2478 3564 2536 3610 et

342 3648 481 3716 sing.
516 3664 663 3699 num.
701 3648 1117 3715 haudquaquam
1152 3644 1379 3697 distichi
1401 3645 1651 3697 versibus
1688 3647 1949 3720 repugnet
1984 3646 2039 3697 et
2075 3644 2289 3712 saepius
2320 3646 2532 3712 poetam

341 3750 520 3787 rerum
574 3734 631 3786 in
683 3734 948 3787 lemmatis
1004 3732 1418 3784 memoratarum
1474 3747 1759 3784 numerum
1815 3734 2052 3784 mutasse
2107 3731 2389 3784 videamus
2445 3733 2533 3800 (cf.

338 3837 422 3888 ep.
466 3823 698 3886 12—153
737 3825 803 3878 39
842 3837 952 3888 sq.;
989 3825 1095 3881 493
1134 3823 1199 3875 87
1240 3815 1413 3883 (Mart.
1451 3817 1596 3868 enim
1633 3816 1768 3884 plur.
1809 3834 1955 3870 num.
1992 3817 2107 3870 illie
2144 3817 2410 3885 posuisse,
2447 3834 2530 3885 ep.

341 3908 497 3960 docet
532 3906 668 3959 VIII
714 3914 782 3964 33
838 3925 888 3959 v.
946 3911 1039 3971 133
1097 3904 1253 3958 aliter
1297 3902 1436 3957 Plin.
1475 3901 1544 3956 N.
1585 3902 1654 3955 H.
1702 3908 1787 3970 21,
1825 3904 1945 3972 87);
2001 3908 2237 3969 83—863
2294 3908 2534 3970 91—-923

341 3988 590 4062 93-95).
646 3992 710 4045 In
731 3993 957 4046 Gilberti
984 4008 1112 4045 vero
1148 3992 1203 4043 et
1224 3988 1623 4042 Friedlaenderi
1644 3989 1965 4042 sententiam
2002 3991 2092 4056 qui
2132 3989 2369 4042 discedit
2403 4005 2530 4042 con-

339 4079 492 4132 cedat
526 4095 745 4132 necesse
781 4081 865 4132 est
898 4077 1160 4131 Martialis
1197 4078 1433 4143 tempore
1471 4075 1590 4128 sine
1638 4075 1750 4129 ullo
1787 4075 1891 4128 alio
1941 4091 2103 4142 quam
2151 4074 2362 4143 generis
2415 4073 2531 4124 dis,

339 4165 564 4219 crimine
601 4164 860 4219 vocabulo
897 4166 1003 4218 isto
1039 4166 1094 4216 et
1130 4164 1365 4216 secundo
1414 4165 1468 4216 et
1505 4164 1692 4229 quarto
1745 4163 1929 4215 ordine
1979 4162 2243 4215 declinato
2293 4159 2531 4210 fructum

2161 4267 2186 4306 5

2979 1134 2984 1139 ι
2975 1020 2984 1115 »an-“⁴⁴
