3031 4640
398 289 481 356 84

397 463 685 528 efficiunt
729 462 887 546 5453
935 464 1101 528 tertii
1148 464 1291 528 libri
1338 485 1436 548 ep.
1491 464 1617 529 100
1661 485 1880 529 versus
1927 464 2050 529 648
2100 466 2263 545 eto).
2330 466 2580 529 Decem

395 589 551 631 vero
617 568 956 631 serstertiis
1023 568 1355 631 librarium
1410 570 1777 644 vendidisse
1822 569 2129 632 volumen
2199 570 2301 632 cui
2347 578 2582 651 poetae

398 672 684 754 inscripti
768 671 1000 735 fuerint
1082 674 1212 735 duo
1304 672 1499 735 libelli
1595 683 2008 736 centenorum
2107 684 2375 755 uterque
2454 674 2581 755 epi-

399 785 810 859 grammaton
855 776 1240 838 coniecerim
1287 796 1373 838 ex
1419 797 1519 858 ep.
1549 776 1671 840 111
1726 786 1791 840 et
1836 776 1936 840 14
1982 798 2108 839 una
2153 798 2303 839 cum
2335 777 2423 838 III
2462 776 2582 856 1.9)

398 880 911 963 Epigrammatis
957 879 1046 941 III
1073 878 1105 941 1
1153 901 1375 943 versus
1414 880 1454 943 3
1500 880 1693 943 Hunc
1738 883 1901 963 legis
1964 892 2024 944 et
2064 881 2298 944 laudas
2344 882 2583 944 librum

332 976 335 980 Α
379 987 677 1066 fortasse
721 985 1020 1066 priorem
1065 993 1131 1046 et
1176 985 1216 1047 6
1264 984 1472 1048 Debet
1528 986 1696 1048 enim
1763 985 2021 1048 Gallum
2066 988 2323 1048 vincere
2377 1007 2584 1047 verna

399 1090 565 1153 liber
608 1109 921 1171 nusquam
969 1080 1120 1171 apte
1166 1109 1430 1170 possum
1478 1089 1710 1152 referre
1756 1091 1873 1152 nisi
1921 1090 2004 1153 ad
2030 1091 2380 1152 editionem
2407 1089 2596 1163 illam,

398 1194 562 1257 duos
584 1194 830 1275 priores
853 1192 1105 1255 libellos
1129 1193 1649 1274 amplectentem,
1678 1215 1873 1276 quam
1901 1195 2251 1257 editionem
2277 1192 2581 1255 facillime

311 1292 315 1305 '
399 1298 634 1360 librum
682 1297 992 1380 appellari
1035 1317 1227 1378 posse
1275 1298 1386 1377 (sic
1433 1299 1563 1361 iam
1612 1299 1876 1378 Friedl.)
1941 1320 2132 1362 nemo
2197 1300 2260 1360 in
2308 1298 2578 1360 dubium

397 1401 675 1465 vocabit.
699 1400 772 1481 1⁰)
865 1401 1014 1463 Huc
1061 1401 1316 1464 accedit
1360 1404 1540 1484 quod
1586 1404 1775 1485 primi
1824 1424 1921 1485 ep.
1969 1403 2028 1464 II
2079 1405 2109 1465 1
2158 1422 2405 1466 versus:

620 1522 680 1584 T
689 1546 722 1585 e
740 1545 779 1584 r
823 1533 1078 1585 centena
1123 1523 1374 1605 quidem
1407 1535 1676 1604 poteras
1721 1524 2202 1605 epigrammata
2227 1527 2448 1605 ferre.
2531 1504 2538 1553 ³¹

713 1626 851 1689 Sed
888 1628 1031 1709 quis
1074 1638 1133 1689 te
1178 1627 1425 1709 legeret
1449 1630 1966 1710 perlegeretque,
2017 1630 2183 1692 liber
2199 1632 2231 1692 Β
2278 1665 2362 1674 -

610 1732 701 1794 At
739 1753 902 1794 nunc
943 1733 1351 1794 succincti
1391 1754 1555 1814 quae
1597 1734 1730 1795 sint
1770 1734 1930 1795 bona
1976 1734 2146 1795 disce
2192 1733 2393 1794 libelli
2436 1769 2517 1777 —

401 1865 553 1937 apte
599 1854 883 1936 intellegi
931 1875 1059 1916 non
1103 1864 1374 1937 possunt
1419 1857 1537 1917 nisi
1586 1857 1671 1918 ad
1717 1866 1966 1920 tomum
2017 1854 2196 1916 relati
2245 1855 2407 1927 duos
2443 1875 2586 1916 cen-

401 1969 697 2023 tenorum
742 1959 944 2041 epigr.
996 1958 1192 2021 libros
1239 1960 1752 2023 concludentem.
1826 1959 2006 2023 Talis
2052 1959 2221 2020 enim
2267 1968 2364 2020 est
2412 1959 2475 2019 in
2507 1979 2588 2020 eo

400 2064 862 2127 sententiarum
910 2083 1199 2125 conexus
1245 2072 1316 2126 ut
1361 2064 1563 2127 altera
1608 2085 1694 2126 ex
1739 2073 1923 2146 parte
1970 2062 2161 2124 fuisse
2198 2062 2352 2124 illud
2379 2063 2583 2143 epigr.

401 2169 465 2230 in
511 2168 736 2230 charta
782 2168 1061 2230 ducenta
1105 2168 1306 2249 epigr.
1358 2169 1834 2251 complectente
1896 2167 1972 2246 (v.
2028 2166 2155 2246 1s2)
2218 2166 2405 2228 nobis
2451 2187 2588 2247 per-

402 2273 789 2335 suadeamus
835 2279 1167 2354 oporteat3
1214 2272 1418 2336 altera
1462 2294 1618 2337 vero
1665 2295 1750 2337 ex
1782 2282 1964 2356 parte
1996 2292 2215 2335 versus
2247 2281 2588 2353 sequentes

403 2379 642 2441 docent
709 2376 920 2457 ipsum
989 2375 1147 2438 illud
1214 2377 1414 2458 epigr.
1504 2379 1916 2459 inaugurasse
1997 2386 2251 2458 partem
2336 2386 2586 2440 tantum

404 2482 672 2545 alteram
718 2480 862 2543 libri
889 2481 1260 2543 memorati:
1311 2482 1362 2544 si
1388 2483 1558 2545 enim
1584 2485 1669 2545 ad
1695 2481 1929 2545 librum
1954 2481 2587 2544 illum-ducentorum

401 2587 948 2670 epigrammatum
969 2584 1368 2648 referendum
1385 2597 1569 2663 esset,
1599 2597 1772 2650 certe
1797 2608 1924 2649 non
1949 2587 2140 2648 toties
2156 2586 2588 2667 gracilitatem

402 2691 599 2754 libelli
659 2689 838 2752 cuius
902 2690 966 2752 in
1026 2692 1660 2754 commendationem
1721 2691 2190 2773 praescriptum
2254 2699 2351 2752 est
2409 2690 2468 2751 II
2529 2692 2585 2766 1,

401 2794 720 2876 tetigisset
765 2803 960 2876 poeta
1019 2794 1121 2872 (cf.
1170 2816 1226 2856 v.
1271 2791 1416 2879 3l43
1474 2793 1551 2877 ὃς
1614 2797 1730 2876 113
1793 2796 1933 2872 12).
2027 2795 2128 2857 Ne
2186 2795 2475 2876 pluribus
2523 2804 2589 2858 te

402 2909 678 2974 teneam,
739 2898 1153 2961 statuendum
1211 2919 1348 2961 esse
1409 2921 1641 2962 censeo
1703 2900 1994 2962 chartam
2054 2899 2228 2961 illam
2277 2900 2588 2961 maiorem

405 3004 631 3067 decem
693 3006 1096 3065 constantem
1157 3004 1462 3067 sestertiis
1524 3005 1955 3086 compositam
2017 3004 2207 3065 fuisse
2267 3023 2302 3065 e
2348 3002 2513 3064 libro
2562 3003 2591 3066 Ι

405 3110 534 3171 iam
596 3116 785 3170 antea
845 3108 1023 3169 edito
1085 3108 1359 3195 adiecto·
1404 3109 1608 3171 altero
1667 3108 1886 3171 libello
1944 3129 2256 3172 novorum
2328 3117 2588 3170 centum

577 3400 619 3469 ⁹)
655 3400 804 3454 Duos
858 3402 1003 3455 enim
1055 3401 1266 3456 libellos
1318 3418 1425 3455 uno
1481 3401 1540 3453 in
1593 3402 1867 3455 volumine
1903 3402 2193 3467 exstantes,
2245 3417 2370 3454 cum
2417 3418 2590 3470 neque

404 3487 653 3541 umbilici
682 3488 1000 3542 ‘accederent
1034 3504 1206 3556 neque
1243 3487 1403 3540 altera
1441 3487 1664 3555 paenula
1701 3488 1789 3556 (de
1828 3505 1932 3556 qua
1966 3487 2105 3555 insp.
2126 3486 2259 3540 Birt.
2298 3504 2382 3555 pg.
2404 3494 2472 3545 64
2491 3505 2590 3557 sq..

404 3580 507 3633 209
543 3575 662 3633 adn.
700 3576 773 3642 2),
810 3574 988 3642 paullo
1023 3574 1192 3627 vilius
1230 3574 1445 3628 venisse
1483 3591 1643 3642 quam
1679 3573 1840 3642 duplo
1889 3574 2109 3627 alterius
2158 3575 2328 3641 pretio
2366 3591 2592 3629 consen-

404 3663 621 3715 taneum
656 3662 754 3714 est.

581 3765 644 3833 10)
681 3764 801 3819 Non
841 3765 1270 3833 comprobabitur
1294 3782 1325 3817 a
1345 3763 1479 3818 viris
1513 3763 1686 3818 doctis
1707 3764 1841 3816 mira
1860 3763 1953 3817 illa
1974 3762 2202 3817 Gilberti
2222 3765 2593 3833 interpretatio

404 3852 461 3905 in
497 3850 668 3905 annal.
706 3851 838 3919 phil.
875 3869 978 3905 rec.
1017 3850 1121 3905 vol.
1158 3857 1274 3918 135,
1311 3852 1436 3904 fasc.
1475 3857 1526 3917 2,
1565 3868 1649 3919 pg.
1691 3856 1792 3908 144
1827 3849 2028 3918 prolata
2068 3850 2170 3919 (III
2210 3855 2235 3906 1
2275 3869 2327 3902 v.
2367 3857 2420 3906 3:
2467 3855 2592 3907 und

410 3941 547 3994 lobst
606 3940 877 3994 vielleicht
932 3941 1043 3993 ein
1096 3939 1397 3994 anderes
1452 3939 1650 3992 Buch
1717 3938 1794 4003 (d.
1849 3938 1900 3991 h.
1967 3939 2112 3993 eines
2182 3938 2278 3992 der
2327 3937 2596 4003 fritheren

409 4026 644 4082 Bticher.
