3031 4640
422 345 510 406 76

425 517 601 580 illam
663 518 1016 579 editionem
1078 518 1141 578 in
1202 515 1595 578 membranis
1658 516 1897 579 factam
1962 517 2010 597 (I
2058 518 2119 596 2)
2179 516 2378 579 libros
2439 536 2609 577 com-

422 622 757 702 prendisse
805 620 1009 682 multo
1054 620 1270 702 plures
1315 640 1511 700 quam
1560 620 1810 682 libellos
1857 620 1884 681 I
1930 629 1995 682 et
2043 618 2223 699 11.‘-'⁵⁵)

597 725 831 786 Restat
876 725 1071 805 igitur
1116 733 1186 785 ut
1232 744 1617 805 quaeramus
1665 726 1747 787 de
1792 745 1920 806 qua
1966 724 2250 787 editione
2296 724 2612 787 Martialis

424 827 557 890 illic
591 828 904 910 loquatur.
994 827 1063 891 Si
1113 837 1361 890 rectum
1392 829 1606 903 video,
1634 837 1831 910 poeta
1862 829 2087 891 amicis
2120 829 2614 892 adhortantibus

424 934 692 994 tandem
780 932 1120 1013 indulgens
1196 932 1445 1012 priores
1499 932 1629 994 VII
1734 932 1987 995 libellos
2084 954 2212 995 uno
2288 933 2614 995 volumine

421 1035 735 1098 collectos
803 1037 868 1097 in
933 1036 1268 1117 publicum
1338 1036 1535 1098 dedit.
1668 1035 1868 1117 Quod
1955 1048 2023 1100 ut
2102 1039 2421 1100 coniciam
2487 1039 2613 1118 epi-

425 1141 810 1221 grammatis
855 1142 1149 1202 adducor
1191 1139 1318 1201 VII
1360 1140 1468 1221 113
1520 1141 1632 1221 173
1679 1142 1835 1203 VIII
1880 1142 1939 1204 3.
2015 1142 2071 1204 E
2109 1142 2396 1223 priorum
2443 1141 2614 1202 enim

421 1244 703 1305 duorum
750 1245 951 1325 epigr.
1002 1243 1291 1307 versibus
1337 1243 1545 1306 hisce:

640 1345 829 1428 Cogis
874 1370 973 1410 me
1018 1349 1265 1410 calamo
1300 1369 1616 1429 manuque
1659 1361 1881 1412 nostra

633 1451 1006 1513 Emendare
1048 1473 1239 1521 meos,
1289 1452 1567 1519 Pudens,
1618 1454 1876 1516 libellos,

643 1552 698 1616 O
741 1576 933 1635 quam
980 1578 1082 1618 me
1127 1556 1393 1617 nimium
1424 1558 1676 1636 probas
1721 1578 2047 1639 amasque,

645 1657 776 1733 Qui
815 1661 915 1721 vis
959 1659 1342 1740 archetypas
1387 1661 1630 1722 lzabere'
1675 1682 1885 1741 nugas
1935 1699 2037 1744 “7

519 1772 588 1824 et
633 1763 840 1824 Ruris
862 1826 865 1829 .
888 1763 1257 1825 bibliotheca
1303 1764 1577 1839 delz'cal2'‚

642 1866 783 1928 Hos
828 1868 975 1929 nido
1022 1868 1166 1933 licet
1207 1869 1464 1933 inireras
1508 1869 1619 1930 vel
1657 1870 1802 1930 ime.

638 1970 888 2050 Septem
937 1993 1091 2052 quos
1135 1972 1255 2034 tibi
1296 1973 1591 2034 mz'sinzus
1637 1973 1883 2034 libellos

638 2075 935 2137 Auctoris
981 2077 1230 2138 calamo
1273 2078 1380 2138 sui
1420 2087 1660 2138 notatos
1679 2101 1699 2138 .·

643 2178 829 2240 Haec
873 2181 1006 2242 illis
1037 2182 1328 2260 pretium
1354 2181 1537 2260 facit
1576 2181 1778 2242 litura

422 2292 649 2365 aperte
709 2302 858 2344 cum
920 2281 1171 2346 eluceat
1225 2293 1490 2365 poetam
1552 2284 1803 2347 libellos
1864 2284 2105 2348 1-—V11
2167 2286 2369 2348 critici
2419 2287 2620 2348 instar

425 2397 826 2461 retractasse,
876 2408 973 2468 ep.
1024 2409 1181 2450 vero
1226 2388 1391 2451 VIlI
1434 2388 1475 2451 3
1525 2389 1805 2451 initium:

636 2540 653 2564 ⁴,
669 2489 956 2572 Quinque
998 2492 1159 2553 satis
1184 2493 1498 2571 fuerant.-
1548 2514 1701 2555 nam
1744 2515 1864 2555 sex
1906 2504 2222 2574 septemve
2266 2494 2469 2556 libelli

740 2595 866 2656 Est
904 2596 1172 2656 nimium
1191 2620 1211 2656 .·
1259 2596 1422 2676 quid
1458 2597 1669 2659 adlzuc
1715 2598 1957 2670 ludere,
2007 2597 2229 2671 Musa,
2278 2599 2462 2659 iuvat
2474 2600 2506 2659 ,ν’

647 2698 753 2761 Sit
776 2699 997 2779 pudor
1042 2709 1105 2760 et
1125 2700 1291 2781 finis
1307 2724 1328 2761 .·
1375 2701 1508 2762 iam
1542 2702 1700 2780 plus
1745 2701 1915 2763 nihil
1953 2702 2197 2764 addere
2241 2702 2416 2763 nobis

742 2803 956 2865 Fama
989 2814 1236 2883 potest:
1282 2804 1519 2866 teritur
1564 2814 1775 2866 noster
1820 2805 2051 2886 ubique.
2090 2806 2280 2867 lz'ber‘
2326 2826 2385 2886 q.
2435 2824 2481 2865 s,

430 2915 702 2988 optume
771 2910 854 2969 ad
924 2908 1275 2969 editionem
1343 2907 1651 2970 referatur
1717 2908 1935 2989 plures
2003 2908 2253 2971 libellos
2299 2929 2493 2970 unum
2553 2909 2618 2970 in

610 3129 672 3198 25)
707 3130 833 3183 Nisi
871 3131 1016 3183 enim
1053 3130 1232 3197 plures
1282 3131 1338 3183 in
1376 3130 1854 3199 pugillaribus
1902 3130 2015 3183 illis
2065 3131 2418 3184 membraneis
2469 3132 2544 3199 (v.
2583 3137 2618 3187 3

433 3218 683 3271 brevibus
721 3248 783 3255 -—
825 3218 1074 3272 tabellis:
1113 3216 1249 3269 XIV
1272 3222 1371 3275 180
1408 3219 1585 3272 brevis
1621 3249 1688 3255 —
1724 3220 2080 3274 membrana:
2118 3216 2255 3271 XIV
2284 3221 2385 3275 184
2419 3218 2617 3284 lemm.,

423 3304 492 3356 ef.
542 3302 676 3356 Birt.
723 3303 757 3360 1.
797 3320 841 3358 e.
890 3321 974 3371 pg.
1013 3305 1102 3370 85)
1156 3302 1282 3356 libri
1317 3304 1568 3371 inseripti
1621 3305 1870 3372 fuissent,
1922 3322 2028 3358 non
2088 3305 2247 3358 video
2304 3320 2402 3357 eur
2452 3305 2616 3357 istam

423 3390 719 3444 editionem
756 3392 909 3459 poeta
946 3390 1328 3444 commendarit
1365 3389 1644 3457 longum
1679 3390 1931 3459 inprimis
1969 3392 2072 3444 iter
2107 3391 2459 3459 ingressuris;
2497 3390 2618 3443 viae

426 3477 576 3529 enim
613 3476 1005 3544 longitudinem
1042 3479 1274 3531 coartare
1310 3477 1605 3544 nequibant
1640 3478 1747 3530 nisi
1785 3478 2030 3531 multis
2075 3478 2316 3547 legendis
2353 3477 2617 3545 epigram·

430 3563 607 3617 matis.
681 3564 827 3629 Quae
875 3565 1046 3633 igitur
1092 3564 1318 3632 perbene
1355 3563 1490 3616 Birt.
1540 3563 1574 3616 1.
1625 3580 1670 3618 0.
1710 3581 1795 3632 pg.
1832 3569 1901 3621 86
1938 3565 2002 3617 de
2040 3581 2122 3632 ep.
2159 3563 2295 3616 XIV
2336 3568 2436 3621 188
2471 3563 2621 3617 *dicit

440 3650 660 3716 (Dwrch
695 3652 784 3706 die
821 3653 1106 3721 lonyitudo
1140 3655 1362 3707 viarum
1397 3653 1472 3706 ist
1505 3652 1627 3705 hier
1675 3651 1763 3705 die
1802 3650 2000 3706 Grdsse
2046 3653 2141 3706 des
2176 3652 2402 3705 Inhalts
2451 3668 2618 3720 anye-

427 3736 614 3791 deutet
630 3756 647 3789 .·
682 3738 883 3803 „deine
901 3739 1063 3792 Reise
1099 3740 1252 3792 kann
1288 3739 1423 3806 lany
1458 3739 1594 3804 sein,
1634 3738 1794 3792 bevor
1827 3738 1907 3792 du
1942 3739 2114 3792 dieses
2134 3738 2276 3805 Heft
2300 3738 2619 3808 ausyelesen

429 3823 612 3877 haben
645 3824 882 3891 wirst‘O,
931 3840 993 3877 ea
1040 3840 1144 3877 non
1193 3823 1375 3876 minus
1422 3825 1564 3876 certe
1615 3823 1679 3875 de
1715 3839 1796 3890 ep.
1833 3822 1862 3875 I
1897 3829 1931 3880 2
1979 3824 2230 3878 versibus
2278 3826 2370 3891 2s3
2420 3822 2615 3877 valent.

427 3907 625 3961 Friedl.
665 3909 885 3975 quidem
921 3910 979 3962 in
1013 3912 1140 3963 nota
1172 3911 1255 3964 ad.
1278 3925 1360 3976 ep.
1380 3908 1519 3961 XIV
1541 3909 1857 3967 1882Birtii
1893 3911 2052 3963 istam
2090 3910 2430 3978 opionionem
2463 3910 2617 3963 hisee

431 3992 671 4061 repulsat
719 3996 899 4048 verbis
934 3997 1069 4050 Birt
1115 3997 1172 4050 S.
1225 4000 1294 4053 86
1340 3998 1576 4051 veo-steht
1622 3998 1738 4051 dies
1787 3999 1929 4066 irriy
1975 4014 2083 4052 von
2129 3999 2226 4052 der
2279 3997 2476 4053 Gre'sse
2524 3997 2616 4050 des

435 4080 684 4134 Inhaltes
722 4110 788 4117 —-
825 4081 919 4133 sed
956 4097 1073 4133 eur
1107 4097 1201 4147 per
1236 4096 1465 4134 errorem
1502 4081 1664 4134 Birtii
1703 4082 1848 4135 dieta
1882 4098 2003 4135 esse
2037 4083 2201 4137 verba
2236 4084 2452 4150 statuat,
2491 4082 2616 4135 dein

428 4163 525 4227 qui
561 4164 714 4229 ipse
750 4168 934 4230 poetae
971 4166 1348 4233 interpretetur
1384 4183 1575 4220 versus
1612 4168 1736 4221 illos
1773 4184 1840 4222 ne
1875 4169 2037 4222 verbo
2075 4169 2294 4237 quidem
2330 4169 2526 4236 tetigit.
