3031 4640
2510 376 2600 439 75

572 549 944 611 Amborum
1013 550 1184 611 enim
1246 549 1557 612 librorum
1637 549 1702 627 (I.
1765 549 1867 623 II.)
1925 550 2402 631 epigrammata
2466 571 2593 612 una

400 653 463 714 in
507 653 730 715 charta
775 654 987 735 posita
1029 653 1334 715 volumen
1379 653 1668 715 effecisse
1699 661 1834 714 tam
1867 653 2109 733 gracile
2142 654 2204 715 in
2237 653 2592 736 propatulo

398 767 497 819 est
540 766 611 818 ut
655 778 861 839 aeque
905 758 1257 819 commode
1301 766 1496 839 atque
1542 757 1704 819 liber
1736 758 2265 823 membranaceus
2310 759 2586 819 eandem

402 861 707 923 materiae
773 862 1032 943 copiam
1090 861 1426 923 continens
1486 862 1552 923 in
1610 862 1834 924 itinere
1895 863 1972 941 (v.
2024 861 2085 927 2»
2146 882 2408 942 quoque
2454 861 2586 941 legi

403 975 626 1047 posset
671 965 775 1045 (cf.
828 965 982 1027 Birt.
1033 964 1070 1026 l.
1121 984 1174 1026 c.
1225 985 1333 1046 pg.
1393 964 1735 1048 130s131);
1796 976 1991 1047 atque
2038 986 2106 1027 re
2150 986 2302 1027 vera
2346 965 2596 1047 priores

403 1069 567 1130 duos
614 1067 853 1132 Valerii
912 1068 1109 1130 libros
1172 1070 1427 1143 (eodem
1489 1069 1685 1149 igitur
1730 1070 1932 1132 modo
1976 1090 2108 1151 quo
2156 1069 2301 1131 libri
2347 1089 2447 1150 ep.
2494 1068 2591 1129 IV

403 1171 488 1235 82
513 1174 872 1243 memorati)
899 1193 1028 1235 non
1052 1172 1440 1254 multiplices
1471 1173 1721 1254 cepisse
1745 1173 2015 1236 tabellas
2041 1172 2591 1245 membranaceaS,

402 1277 518 1338 sed
566 1277 629 1339 in
674 1277 884 1339 lucem
932 1296 1044 1338 eos
1089 1296 1228 1338 esse
1275 1276 1505 1338 missos
1552 1278 1616 1339 in
1663 1297 1790 1339 una
1835 1275 2060 1338 charta
2091 1296 2296 1359 eaque
2329 1275 2586 1338 duobus

404 1381 712 1443 instructa
774 1380 1095 1443 umbilicis
1156 1381 1577 1459 conscriptOS,
1637 1401 1737 1463 ep.
1800 1381 1925 1442 iam
1985 1381 2181 1442 docet
2237 1380 2264 1441 I
2326 1380 2428 1452 66,
2508 1381 2596 1442 de

403 1505 536 1566 quo
590 1485 667 1547 cf.
732 1506 841 1566 pg.
904 1485 982 1548 8l
1045 1505 1138 1565 sq.
1256 1484 1339 1546 Iis
1394 1487 1502 1567 qui
1566 1487 1631 1547 in
1690 1484 2081 1547 membranis
2141 1483 2588 1546 scribebantur

411 1587 588 1650 libris
670 1590 972 1651 omnibus
1056 1588 1374 1651 ambitum
1458 1589 1651 1652 fuisse
1736 1590 1930 1669 longe
2013 1589 2325 1650 maiorem
2394 1608 2590 1669 quam

406 1690 637 1753 libellis
696 1694 760 1754 in
819 1692 1059 1755 chartis
1119 1693 1504 1774 papyraceis
1566 1693 1905 1775 (plicandis
1968 1693 2166 1772 igitur
2225 1693 2398 1753 circa
2459 1711 2595 1752 um·

405 1794 692 1870 bilicum)
759 1798 1094 1879 evulgatiS,
1166 1797 1518 1860 clarissime
1587 1798 1938 1860 ostendunt
2001 1797 2189 1858 Mart.
2262 1816 2362 1876 ep.
2436 1793 2596 1856 XIV

410 1896 535 1960 184
604 1898 895 1977 (Homeri
967 1903 1206 1983 opera),
1286 1901 1407 1964 186
1474 1902 1814 1983 (Vergilii),
1889 1900 2012 1964 188
2083 1898 2438 1977 (Ciceronis
2507 1935 2594 1944 —

411 2001 780 2064 orationes?
839 2004 918 2066 cf.
982 2005 1137 2067 Birt.
1199 2025 1308 2087 pg.
1359 2004 1445 2067 86
1491 2006 1616 2082 —),
1681 2004 1807 2068 190
1866 2005 2096 2081 (Livii),
2168 2001 2593 2082 192-(Ovidii

411 2106 901 2187 Metamorpl1.):
953 2108 1113 2170 XIV
1167 2108 1290 2171 183
1338 2109 1634 2188 (Homeri
1681 2108 2139 2185 Batrachom.),
2193 2107 2320 2170 185
2366 2104 2589 2188 (Verg.

410 2210 643 2289 culex),
715 2210 838 2272 187
890 2212 1253 2291 (Menandri
1284 2202 1543 2288 Thais),
1617 2213 1741 2276 189
1790 2212 2101 2293 (Propert.
2168 2211 2274 2273 lib.
2326 2211 2395 2290 Ι),
2471 2210 2589 2273 191

410 2311 718 2394 (Sallustii
787 2315 1094 2379 historiae
1160 2354 1243 2362 —
1312 2315 1390 2379 cf.
1458 2317 1615 2379 Birt.
1679 2338 1788 2399 pg.
1836 2315 2070 2398 30!ssst
2139 2315 2376 2378 Friedl.
2449 2316 2599 2378 adn.

410 2419 493 2479 ad
548 2417 739 2495 191²),
790 2421 879 2483 ita
924 2430 997 2482 ut
1041 2421 1335 2483 homines
1382 2422 1609 2483 itinera
1656 2423 2090 2502 ingredientes
2137 2420 2235 2500 (cf.
2287 2441 2386 2500 ep.
2431 2419 2596 2481 XIV

416 2523 534 2587 188
575 2523 658 2585 ;Ι
727 2522 920 2602 21-23)
988 2525 1189 2587 libros
1256 2525 1636 2608 plerumque
1710 2546 1929 2587 secum
1997 2534 2333 2606 portarent
2401 2545 2597 2586 mem-

411 2626 783 2693 branaceos.
875 2628 1025 2690 Huc
1072 2650 1219 2691 cum
1267 2632 1542 2692 accedat
1572 2631 1748 2711 quod
1798 2639 2067 2710 optume
2096 2637 2333 2710 poetae
2376 2648 2602 2689 versus

411 2748 573 2810 XIV
636 2749 758 2813 186
779 2749 804 2785 ¹
869 2748 1081 2827 Quam
1129 2752 1167 2813 b
1186 2775 1224 2813 ν
1238 2775 1272 2813 e
1285 2774 1328 2813 v
1344 2753 1416 2813 is
1460 2752 1565 2813 im
1585 2773 1647 2812 m
1666 2773 1700 2811 e
1715 2773 1757 2812 n
1773 2772 1807 2812 s
1823 2772 1863 2812 u
1878 2772 1941 2811 m
2002 2750 2166 2829 cepit
2215 2750 2600 2811 membrana

2059 2851 2419 2915 Maronem.

517 2964 583 3017 et
633 2956 758 3020 190
777 2958 797 2993 ¹
864 2960 1147 3022 Pellibus
1192 2982 1288 3022 ex
1302 2962 1440 3039 ign
1457 2960 1527 3021 is
1571 2981 1614 3020 a
1632 2981 1671 3019 r
1685 2969 1762 3020 ta
1776 2968 1857 3019 tu
1875 2979 1914 3017 r
1963 2956 2186 3018 Livius
2230 2957 2423 3035 inge
2441 2978 2482 3017 n
2498 2978 2533 3018 s

412 3078 808 3157 respondent
853 3080 1066 3141 verbis
1110 3079 1140 3141 I
1185 3080 1226 3142 2

720 3196 864 3259 Hos
935 3221 1090 3266 eme,
1180 3222 1332 3281 quos
1419 3224 1462 3263 a
1480 3224 1520 3261 r
1531 3211 1607 3262 ta
1625 3211 1653 3261 t
1737 3202 1774 3262 b
1792 3223 1831 3261 r
1847 3222 1881 3260 e
1895 3221 1938 3260 v
1949 3200 1977 3260 i
1989 3200 2027 3260 b
2039 3221 2081 3260 u
2097 3221 2131 3259 s
2212 3200 2599 3261 membrana

796 3347 800 3351 -
2134 3302 2387 3364 tabellis
2407 3326 2425 3381 ς
2444 3373 2452 3380 ‚

419 3423 537 3464 nec
583 3403 791 3465 minus
836 3404 1002 3467 bene
1049 3406 1373 3469 distichon
1418 3407 1582 3469 XIV
1631 3408 1660 3468 1
1673 3406 1753 3468 88

621 3522 700 3585 Si
740 3547 942 3588 comes
987 3527 1113 3587 ista
1157 3527 1276 3588 libi
1295 3527 1521 3607 suerit
1561 3527 1964 3590 membrana,
2001 3536 2229 3604 putato

732 3627 1020 3711 Carpere
1063 3640 1122 3691 te
1165 3631 1236 3691 lo
1252 3651 1459 3710 ngas
1505 3650 1645 3691 cum
1698 3627 1997 3690 Cicerone
2038 3631 2223 3692 vias

418 3768 566 3811 cum
614 3770 712 3831 ep.
765 3750 794 3811 I
837 3752 878 3814 2
925 3750 1214 3813 versibus
1265 3750 1430 3811 1-2

631 3868 762 3944 Qui
800 3882 999 3935 tecum
1046 3872 1223 3952 cupis
1268 3892 1405 3932 esse
1449 3891 1620 3932 meos
1664 3867 2011 3946 ubicunque
2055 3871 2303 3932 libellos

725 3975 813 4036 Et
854 3977 1107 4038 comiles
1151 3975 1439 4054 longae
1482 3972 1747 4054 quaeris
1792 3969 2034 4033 habere
2079 3995 2121 4033 v
2140 3975 2224 4034 ia
2242 3995 2277 4033 e

402 4079 751 4153 consentit,
814 4088 1086 4161 optumo
1147 4078 1379 4160 opinor
1439 4078 1570 4138 iure
1629 4070 2021 4135 contendere
2083 4075 2235 4135 licet
2282 4068 2603 4132 Martialis
