3031 4640
541 329 626 392 22

542 502 665 567 illis
690 505 939 583 primus
963 503 1338 567 interfectus
1371 515 1543 567 esset
1564 506 1786 567 statim
1812 495 2270 587 suppositicius
2290 503 2569 584 (Mart.V
2586 504 2672 566 24
2690 503 2743 583 Β).

541 608 892 689 succedere
938 618 1179 689 posset.
1203 606 1279 687 29)

598 706 603 711 ’
717 700 981 774 Praeter
1040 732 1149 774 eas
1209 732 1370 794 quas
1429 712 1632 774 modo
1688 712 1874 774 attuli
1937 731 2163 774 causas
2220 732 2346 773 una
2403 713 2468 773 in
2512 712 2744 793 primis

540 816 992 879 observatione
1022 836 1229 897 eaque
1262 816 1579 897 gravioris
1611 816 1923 878 momenti
1957 815 2251 877 adducor
2281 824 2352 877 ut
2375 816 2740 885 Domitiani

540 920 604 981 in
634 919 895 983 laudern
927 940 1028 1002 ep.
1059 940 1321 1001 quoque
1353 920 1438 984 20
1468 920 1907 1001 conscriptum
1940 939 2079 981 esse
2110 927 2413 994 statuam.
2480 918 2739 1001 Cogno-

541 1024 777 1086 mentis
810 1023 1164 1101 Caesarum
1210 1045 1250 1086 a
1280 1023 1580 1085 Martiale
1627 1023 2101 1086 celebratorum
2149 1043 2370 1111 curam
2403 1023 2456 1085 si
2481 1024 2744 1086 dederis

547 1125 1105 1209 diligentiamque,
1187 1127 1640 1190 Domitianum
1699 1127 1911 1189 solum
1989 1128 2269 1190 invenies
2352 1128 2575 1190 invicti
2634 1128 2742 1190 vel

538 1231 800 1293 victoris
845 1251 1213 1312 cognomen
1259 1241 1597 1314 gerentem
1616 1229 1730 1310 ²³⁰):
1781 1232 1970 1312 eique
2018 1233 2081 1293 in
2133 1231 2359 1312 primis
2400 1231 2741 1312 epitheton

540 1335 668 1397 tale
741 1335 960 1397 indere
1033 1336 1318 1417 potuisse
1389 1345 1653 1418 poetam
1716 1334 1901 1398 facile
1961 1336 2119 1398 mihi
2178 1345 2340 1416 puto
2397 1337 2738 1398 concedes

539 1439 710 1501 Nam
767 1439 919 1502 licet
989 1441 1404 1530 Domitianus
1468 1460 1569 1502 res
1630 1438 1740 1501 illo
1803 1440 2062 1501 nomine
2126 1439 2359 1520 dignas
2420 1460 2738 1521 nusquam

540 1544 749 1623 egerit
795 1552 1084 1606 attamen
1126 1532 1479 1625 scriptores
1525 1543 1711 1605 nobis
1743 1542 2170 1605 testificantur
2200 1543 2268 1605 id
2300 1563 2556 1605 summo
2587 1564 2738 1606 eum

542 1648 867 1728 appetisse
914 1668 1113 1729 opere
1158 1658 1230 1710 ut
1274 1647 1430 1710 ficta
1490 1668 1607 1709 sua
1667 1647 1952 1709 facinora
1999 1648 2062 1709 in
2122 1646 2373 1709 caelum
2437 1646 2741 1710 laudibus

542 1750 931 1814 efferrentur.
1028 1750 1206 1832 Quid
1255 1752 1488 1814 mirum
1536 1752 1587 1812 si
1651 1760 1803 1813 tunc
1866 1760 2235 1832 temporum
2297 1771 2446 1811 cum
2505 1751 2742 1832 vulgus

540 1855 667 1917 vile
714 1865 852 1917 turn
899 1865 1135 1936 poetae
1181 1856 1536 1917 esurientes
1582 1855 1819 1917 talibus
1887 1853 2185 1916 laudibus
2267 1855 2744 1917 aemularentur

543 1959 708 2020 inter
763 1980 831 2021 se
893 1970 964 2022 ut
1028 1980 1285 2022 summo
1350 1960 1499 2021 duci
1561 1969 1783 2040 gratos
1827 1979 1896 2020 se
1953 1957 2333 2020 redderent?
2427 1956 2561 2021 Sed
2607 1960 2738 2022 iarn

544 2063 946 2125 sciscitemur
1005 2085 1248 2145 quaeso
1309 2064 1573 2144 quando
1619 2063 2000 2125 Domitiano
2045 2062 2308 2124 victoris
2370 2083 2743 2144 cognomen
2793 2130 2810 2145 ⁸

547 2167 772 2229 datum
817 2168 917 2229 sit.
1008 2169 1082 2231 In
1142 2168 1462 2249 prioribus
1506 2187 1628 2229 sex
1683 2167 1859 2229 libris
1918 2188 2123 2247 aeque
2181 2177 2375 2248 atque
2437 2167 2499 2230 in
2560 2168 2743 2230 libris

545 2270 700 2333 XIII
746 2280 812 2333 et
855 2271 950 2334 XI
973 2272 1036 2334 V
1084 2272 1317 2335 frustra
1360 2272 1520 2335 illud
1566 2292 1851 2354 quaereS,
1916 2272 1979 2334 in
2024 2273 2253 2333 ceteris
2298 2292 2452 2334 vero
2512 2272 2746 2335 libellis

548 2375 908 2437 Domitiani
954 2377 1358 2459 temporibus
1424 2377 1619 2439 editis
1680 2378 1941 2457 saepius
2011 2376 2295 2438 invenies
2362 2387 2743 2458 usurpatum

547 2478 625 2540 cf.
672 2478 800 2540 VII
824 2477 863 2541 8
885 2478 910 2513 ²
953 2482 1155 2543 victor
1200 2482 1354 2543 deus
1373 2480 1480 2560 3¹)3
1548 2480 1705 2542 VIII
1729 2480 1769 2543 2
1793 2479 1819 2514 ²
1862 2482 2065 2542 victor
2110 2479 2368 2560 Hz'strz'3
2432 2479 2591 2541 VIII
2614 2478 2747 2554 54?

549 2584 779 2645 ducum
825 2585 1056 2664 vz‘ct0r3
1102 2585 1199 2645 IX
1225 2587 1255 2646 1
1283 2584 1338 2621 ¹⁰
1358 2618 1360 2620 >
1382 2587 1622 2649 invicta
1668 2607 1935 2664 manus3
1994 2584 2077 2646 23
2098 2583 2123 2619 ⁰
2168 2586 2470 2656 invictum
2520 2595 2742 2666 caput,

551 2686 667 2750 101
696 2685 751 2723 ²⁰
794 2689 1028 2767 vz'ctorg
1075 2689 1151 2750 cf.
1181 2700 1513 2770 praeterea
1546 2689 1673 2751 VII
1699 2689 1739 2751 6
1758 2688 1783 2724 5
1826 2689 2120 2750 victrices
2145 2688 2445 2766 chartaeg
2491 2688 2587 2750 IX
2612 2689 2697 2751 35
2716 2686 2747 2723 ⁰

545 2792 872 2854 victricem
921 2794 1215 2873 laurzcm3
1264 2794 1359 2855 XI
1405 2793 1474 2857 54
1525 2816 1665 2855 cum
1712 2803 1799 2854 tot
1849 2794 2085 2854 viceris
2152 2790 2209 2853 C
2204 2814 2450 2868 r0e5053
2513 2793 2607 2853 XI
2655 2791 2742 2854 96

719 2963 790 3031 2⁹)
829 2963 886 3017 Si
931 2979 1118 3016 revera
1156 2963 1401 3031 Myrinus
1450 2964 1543 3017 ille
1589 2964 1680 3016 hic
1726 2966 1886 3030 atque
1921 2962 2035 3015 XII
2071 2966 2138 3018 29
2154 2963 2174 2991 ⁷
2222 2964 2546 3016 memoratus
2597 2978 2742 3016 unus

548 3050 800 3118 idemque
847 3052 947 3116 est,
1002 3050 1394 3103 Friedlaenderi
1440 3052 1704 3103 sententia
1749 3050 1808 3102 in
1855 3050 1998 3103 adn.-
2024 3050 2090 3101 ad
2121 3065 2202 3116 ep.
2241 3054 2312 3106 20
2354 3049 2555 3116 prolata
2602 3051 2743 3103 stare

550 3153 655 3191 non
693 3139 882 3204 potest.
902 3135 1015 3189 XII.
1032 3138 1135 3193 29⁷
1170 3137 1311 3189 enim
1350 3136 1565 3205 Myrino
1601 3137 1744 3190 laeso
1781 3135 1970 3189 missio
2007 3136 2238 3203 petitur-3
2275 3136 2528 3190 bestiario
2561 3139 2742 3190 autem

549 3223 639 3277 vel
674 3224 915 3278 venatori
951 3224 1141 3276 rudem
1177 3239 1297 3277 esse
1335 3224 1512 3276 datam
1548 3238 1815 3290 nusquam
1851 3222 2114 3278 invenies

722 3311 786 3380 ³⁰)
825 3311 978 3375 Quod
1015 3310 1232 3364 omnino
1267 3310 1411 3362 haud
1446 3309 1613 3362 nimis
1652 3325 1807 3376 saepe
1844 3308 2194 3375 imperatores
2232 3309 2469 3377 gessisse
2489 3311 2542 3362 et
2562 3325 2740 3363 rerum

549 3413 647 3451 nos
697 3399 889 3451 docent
937 3397 1225 3465 scriptores
1274 3398 1564 3464 poetaeque
1613 3397 1667 3449 et
1713 3394 1919 3462 lapides
1966 3395 2183 3448 servati.
2269 3394 2482 3448 Scimus
2530 3396 2742 3449 Julium

514 3552 518 3557 ι
550 3486 831 3539 Caesarem
867 3484 1082 3551 saepius
1120 3483 1201 3536 sic
1237 3478 1566 3551 appellatum
1613 3497 1732 3536 esse
1780 3499 1810 3534 a
1845 3482 2019 3549 poetis
2056 3481 2230 3548 (Mart.
2270 3480 2352 3533 IX
2390 3486 2520 3547 61⁷3
2576 3483 2742 3535 Anth.

548 3570 663 3625 Lat.
702 3572 783 3624 ed.
804 3573 868 3626 A.
889 3569 1051 3623 Riese
1085 3569 1160 3625 11
1201 3587 1252 3624 n.
1292 3574 1393 3627 397
1432 3572 1486 3623 et
1521 3568 1689 3635 42043
1731 3567 1761 3621 I
1794 3574 1827 3624 2
1864 3585 1915 3619 n.
1954 3567 2096 3625 847⁵
2129 3565 2255 3633 al..)‚
2291 3566 2578 3634 aliquoties
2615 3568 2752 3621 dein·

550 3657 859 3725 Augustum
907 3657 993 3724 (cf.
1030 3656 1232 3709 Fincke
1281 3656 1315 3709 1.
1367 3673 1413 3711 c.
1463 3673 1550 3724 pg.
1589 3655 1665 3724 8),
1716 3654 2066 3708 Commodum
2114 3653 2345 3720 denique
2394 3655 2532 3707 teste
2567 3651 2746 3708 Dione

550 3742 761 3797 LXXII
811 3748 891 3800 15.
994 3743 1059 3795 In
1108 3742 1323 3796 Graecis
1371 3742 1549 3796 titulis
1616 3758 1824 3796 summe
1872 3741 2214 3794 adulantibus
2262 3740 2473 3794 Tiberio
2528 3756 2744 3809 quoque

552 3829 774 3883 Claudio
810 3830 1046 3883 inditum
1081 3845 1201 3882 esse
1236 3830 1483 3882 invenies
1522 3826 1807 3902 νικηφόρου
1846 3844 2140 3896 cognomen
2177 3827 2329 3896 (buu.
2368 3828 2420 3883 d.
2459 3823 2737 3885 c.h.1881

550 3933 636 3984 pg.
678 3916 804 3985 184)
852 3918 907 3969 et
943 3916 1216 3969 Antonino
1267 3913 1513 3988 ἀνικήτου
1565 3915 1662 3983 (ib.
1703 3918 1839 3972 1884
1884 3930 1969 3983 pg.
2007 3915 2159 3983 458);
2225 3931 2253 3966 e
2302 3914 2511 3968 Latinis
2559 3913 2742 3966 titulis
2799 3985 2804 3990 ῃ

552 4019 725 4055 unum
790 4003 999 4055 tanturn
1064 4002 1347 4070 hucusque
1412 4002 1600 4054 inveni
1686 4003 1859 4054 hunc:
1945 4001 2180 4055 Domini
2236 4002 2306 4054 N.
2367 4001 2615 4056 Gallieni
2652 4042 2662 4052 .
2732 4039 2747 4051 .

554 4090 761 4143 Invicti
800 4092 942 4156 Any.
984 4089 1084 4141 cet.
1123 4087 1277 4154 (bull.
1320 4086 1441 4140 dell'
1480 4088 1611 4142 inst.
1654 4092 1788 4145 1885
1826 4103 1911 4155 pg.
1954 4088 2057 4152 68).
2097 4087 2104 4092 ’

727 4173 792 4239 ³¹)
831 4173 966 4225 Cum
1018 4172 1282 4225 Martialis
1336 4171 1430 4225 illo
1503 4177 1675 4227 victor
1728 4174 1863 4226 deus
1917 4173 2133 4238 optume
2200 4172 2419 4239 quidem
2491 4172 2744 4240 congruit
