3031 4640
386 509 636 562 tomum
705 512 1053 582 congestos
1113 502 1633 583 amplectentem,
1657 501 1730 578 26)
1788 503 1962 565 haud
2023 513 2184 585 puto
2244 513 2269 565 t

390 605 545 667 mihi
620 606 938 668 obicietur
1005 606 1347 669 conicienti
1423 605 1622 668 libros
1690 607 1945 670 1-V11
2013 627 2234 670 revera

386 710 663 772 edidisse
725 719 988 791 poetam
1062 711 1400 791 ipsamque
1472 710 1649 773 illam
1726 708 2077 773 editionem
2155 713 2271 773 ina]

383 813 870 894 epigrammatis
917 814 947 876 I
998 815 1028 875 1
1081 824 1146 877 et
1191 811 1351 892 22⁷)

557 917 707 1004 Huc
767 921 1022 981 accedit
1081 920 1258 1000 quod
1316 917 1483 980 libro
1546 927 1780 979 octavo
1836 919 2271 999 sequentibus<

382 1032 748 1100 grammata
804 1023 1006 1084 serius
1063 1022 1426 1103 conscripta
1484 1022 1718 1083 inserta
1776 1040 1915 1083 esse
1962 1022 2215 1083 indiciis
2263 1022 2271 1083 i

381 1125 694 1205 probatur
739 1125 897 1188 ullis,

556 1229 883 1292 Prioribus
931 1229 1127 1309 igitur
1171 1237 1423 1309 septem
1470 1229 1702 1291 libellis
1747 1265 1831 1317 ᾗ-
1877 1231 1968 1290 sic
2002 1228 2241 1310 colligo

381 1351 600 1393 curam
650 1334 1055 1396 intentiorem
1105 1334 1289 1400 daret
1336 1354 1731 1415 operamque
1778 1342 1991 1414 poeta,
2043 1333 2271 1414 optime

379 1445 518 1496 erat
564 1438 822 1499 occasio
869 1458 997 1500 non
1043 1439 1243 1499 modo
1288 1437 1476 1500 litura
1522 1459 1687 1519 quae
1718 1437 1818 1499 vel
1852 1438 2060 1498 minus
2093 1438 2150 1498 ei
2180 1439 2271 1500 vic

375 1538 694 1618 placuisse
739 1542 840 1602 vel
873 1562 1038 1623 quae
1086 1543 1272 1604 nimis
1318 1541 1720 1604 offenderant
1768 1542 2022 1604 delendi
2070 1541 2271 1604 simul«

386 1643 587 1722 epigr.
640 1664 806 1724 quae
852 1647 1090 1727 partim
1137 1646 1408 1708 fortasse
1456 1647 1657 1708 modo
1718 1647 1782 1708 in
1828 1666 1976 1707 arca
2021 1646 2235 1726 posita

385 1757 566 1808 erant
637 1749 939 1829 evulgata
1004 1751 1241 1830 partim
1312 1770 1513 1830 usque
1596 1771 1675 1811 eo
1744 1749 2117 1831 singillatim
2186 1750 2271 1810 cir

375 1859 556 1911 erant
585 1862 836 1933 septem
886 1852 1138 1915 illorum
1187 1852 1495 1915 librorum
1545 1853 2032 1934 epigrammatis
2079 1853 2271 1934 interf

381 1974 509 2033 qua
576 1955 640 2016 in
710 1976 775 2017 re
843 1966 1038 2037 poeta
1098 1957 1190 2018 sic
1261 1957 1602 2037 disponere
1663 1956 1886 2018 maluit
1932 1957 2219 2018 carmina

376 2057 716 2121 adicienda
776 2070 846 2122 ut
903 2060 1241 2141 pristinum
1307 2062 1515 2141 magis
1578 2061 2123 2141 epigrammatum
2185 2063 2248 2123 in

376 2161 554 2223 libris
622 2162 809 2226 litura
877 2165 1269 2226 minutorum
1349 2185 1687 2226 numerum
1773 2164 2165 2226 carminibus
2249 2187 2271 2226 a

382 2266 791 2349 adaequaret,
841 2289 1038 2349 quam
1085 2278 1160 2331 ut
1180 2270 1374 2331 anxie
1406 2279 1774 2351 temporum
1807 2266 2041 2350 quibus
2073 2269 2271 2349 singul

378 2381 519 2432 orta
565 2373 858 2434 ordinem
897 2384 1287 2454 sequeretur.
1371 2372 1490 2435 Cui
1539 2383 1789 2455 septem
1838 2372 2148 2435 librorum
2195 2394 2271 2435 co

381 2474 530 2535 dein
576 2484 640 2536 et
688 2477 963 2557 epistula
1020 2477 1128 2540 illa
1173 2498 1368 2559 quam
1417 2478 1481 2539 in
1528 2477 1736 2539 fronte
1783 2476 1922 2539 libr.
1974 2478 2003 2540 Ι
2049 2479 2271 2558 posita*1

374 2579 935 2657 praescribebatur
982 2591 1046 2643 et
1093 2602 1190 2663 ep.
1244 2592 1313 2644 ut
1360 2582 1496 2643 dixi
1548 2583 1578 2643 1
1608 2580 1683 2657 28)
1731 2592 1795 2643 et
1843 2584 1898 2642 ⁵2.

545 2684 648 2745 De
695 2692 990 2766 tempore
1038 2707 1169 2767 quo
1201 2686 1370 2748 foras
1403 2687 1526 2748 ista
1556 2686 1639 2747 sit
1671 2686 1866 2747 missa
1900 2684 2200 2747 collectio
2233 2686 2271 2747 d

375 2786 502 2847 iam
563 2809 691 2850 non
759 2791 1029 2853 existet:
1105 2811 1232 2852 non
1290 2799 1510 2872 potest
1568 2789 1738 2851 foras
1799 2810 1938 2851 esse
2001 2791 2155 2851 data
2211 2790 2271 2850 ni

376 2889 739 2954 Sarmatico
799 2915 1060 2974 prorsus
1120 2895 1418 2957 confecto
1478 2915 1555 2957 ac
1614 2914 1777 2975 pace
1834 2894 2128 2955 restituta
2204 2894 2240 2953 i.

375 2993 457 3054 ab
527 3016 696 3057 anno
757 2996 840 3059 93
905 2998 1006 3077 (cf.
1058 3020 1164 3080 pg.
1217 3000 1358 3080 62);
1431 3001 1494 3061 in
1559 3000 1900 3079 ipsumque
1959 3016 2196 3058 annum
2246 2996 2271 3057 Ε

373 3095 658 3175 gandam
720 3120 863 3161 earn
913 3122 1051 3163 esse
1119 3112 1475 3165 statuamus
1542 3122 1800 3164 necesse
1870 3111 1983 3175 est,
2058 3101 2107 3162 si
2156 3121 2253 3182 ep.

371 3220 515 3261 eam
561 3201 962 3264 subaudiisse
1010 3205 1331 3267 credimus
1376 3214 1677 3286 poetam3
1725 3206 1826 3266 cui
1875 3205 1962 3265 rei
2012 3226 2138 3266 non
2171 3205 2271 3266 ob]

371 3325 470 3384 ep.
522 3304 608 3365 III
657 3304 740 3366 36
786 3315 851 3367 et
897 3306 992 3368 IV
1039 3306 1155 3368 40:
1222 3329 1369 3369 narn
1431 3308 1617 3370 facile
1674 3330 1871 3370 unum
1918 3309 2271 3371 alterumve

545 3544 607 3614 26)
644 3545 862 3599 Dudum
899 3545 1005 3598 iam
1027 3545 1494 3599 Schneidewinum
1530 3547 1764 3600 similem
1801 3533 1911 3600 scis
1947 3549 2004 3599 in
2023 3549 2271 3602 modum:

368 3634 553 3698 utpote
603 3633 698 3700 qui
753 3633 811 3684 in
847 3632 928 3685 ed.
968 3633 1085 3688 crit.
1124 3634 1280 3698 praef.
1319 3650 1404 3700 pg.
1442 3632 1625 3700 mslv
1675 3634 1915 3687 adnotet:
1980 3635 2115 3688 Cam
2165 3642 2271 3689 aut<

371 3725 570 3784 septem
605 3722 831 3786 priore-3,
881 3726 945 3773 ut
989 3721 1202 3785 opinor,
1257 3721 1420 3773 libros
1455 3721 1689 3773 iunctim
1726 3721 1905 3774 ederet
1940 3722 2181 3791 libroque
2216 3734 2271 3787 pv

371 3808 489 3860 alia
525 3811 784 3861 insereret
824 3814 940 3861 tam
977 3809 1146 3875 epiyr.
1185 3807 1458 3875 quaedam
1496 3825 1533 3859 a
1566 3806 1751 3871 fronte
1787 3808 1955 3859 totius
1980 3808 2271 3861 collectioni

367 3895 546 3957 primo
584 3895 760 3962 epiyr.
793 3895 1027 3963 ylariarz‘
1065 3893 1261 3947 licebat
1297 3907 1345 3957 q.
1385 3907 1427 3944 s.

543 3978 604 4047 27)
641 3978 876 4031 Eandem
912 3980 978 4032 ad
1015 3976 1384 4032 collectionem
1418 3995 1535 4031 mea
1573 3976 1792 4045 quidem
1829 3979 2093 4031 sententia
2130 3980 2271 4031 refers

366 4080 449 4131 ep.
487 4064 569 4118 IX
608 4070 677 4122 84
714 4064 790 4132 (V.
829 4067 975 4135 ello)
1013 4067 1068 4118 et
1103 4069 1168 4122 99
1208 4063 1283 4133 (v.
1323 4065 1450 4134 5s6).

541 4151 604 4221 2⁸)
645 4152 888 4205 Conferas
928 4169 1121 4220 quaeso
1160 4165 1292 4219 quae
1329 4150 1423 4207 illo
1461 4155 1525 4207 de
1563 4149 1939 4219 epigrammate
1975 4166 2061 4216 pg.
2101 4154 2162 4206 81
2207 4147 2271 4197 di.
