3031 4640
477 373 563 436 24

653 548 724 609 In
769 545 1089 629 prioribus
1124 545 1312 609 Statii
1344 546 1737 609 carminibus
1770 569 2082 629 nusquam
2117 552 2272 611 data
2302 550 2665 611 sexcenties

477 653 963 735 opportunitate
997 650 1236 713 Caesar
1281 651 1555 713 invictus
1601 650 1989 733 appellatur:
2041 652 2255 714 subito
2301 652 2366 714 in
2412 653 2668 715 duobus

478 756 870 819 carminibus
930 756 1250 817 continuis
1311 755 1518 836 iisque
1587 761 1891 836 (excepto
1952 754 2221 827 sortasse
2266 755 2500 818 V2¹⁸¹
2546 778 2664 839 sq.,

479 861 590 924 ubi
623 882 751 923 non
783 860 991 922 minus
1024 859 1383 921 Domitiani
1414 860 1617 921 virtus
1642 858 1876 920 bellica
1906 858 2283 934 celebratur,
2305 860 2396 921 'cf.
2425 883 2483 921 v.
2515 862 2666 943 177)

485 965 728 1027 ultimis
780 964 1053 1038 duobuS,
1133 964 1196 1024 in
1243 963 1475 1043 quibus
1540 962 1781 1025 Caesar
1825 963 2128 1026 laudibus
2170 963 2446 1038 effertur,
2511 964 2666 1026 illud

436 1089 847 1149 cognomen
895 1068 1267 1148 imperatori
1317 1067 1543 1129 datum
1592 1077 1705 1129 est.
1729 1065 1809 1147 33)

653 1172 935 1234 Facilius
1004 1171 1272 1232 fortasse
1341 1192 1507 1252 quae
1578 1173 1778 1233 modo
1842 1172 1980 1232 dixi
2027 1192 2180 1233 vera
2241 1193 2381 1233 esse
2440 1174 2667 1235 credes

476 1277 530 1339 si
603 1278 666 1338 in
738 1276 1117 1338 memoriam
1202 1275 1318 1335 tibi
1400 1278 1720 1337 revocaris
1789 1274 2140 1337 Herculem
2224 1276 2433 1357 ipsum
2518 1298 2670 1357 cog-

479 1381 881 1442 nominatum
951 1379 1142 1440 fuisse
1212 1387 1276 1440 et
1346 1379 1654 1441 invictum
1722 1389 1787 1441 et
1855 1380 2168 1441 victorem
2238 1378 2342 1460 (cf.
2409 1381 2663 1453 Preller,

478 1490 639 1546 rom.
690 1483 898 1564 Myth.
936 1482 1005 1544 Ι3
1049 1503 1157 1563 pg.
1195 1482 1322 1544 352
1369 1483 1513 1545 adn.
1570 1484 1642 1561 23
1690 1483 1747 1543 II
1794 1503 1903 1564 pg.
1939 1483 2085 1556 286,
2122 1481 2366 1563 289s90
2398 1484 2541 1546 adn.
2579 1483 2660 1563 2),

478 1590 569 1651 ita
636 1598 707 1650 ut
775 1589 838 1650 in
918 1587 1365 1649 Domitianum
1435 1608 1585 1648 cum
1669 1587 1803 1667 ipse
1873 1587 2187 1648 Hercules
2265 1608 2418 1650 esse*
2470 1588 2668 1650 vellet

477 1693 582 1773 (cf.
646 1713 754 1773 pg.
822 1691 926 1761 25)
995 1690 1384 1771 cognomina
1453 1711 1712 1771 quoque
1791 1690 1968 1751 heroi
2037 1691 2126 1752 illi
2198 1692 2401 1753 indita
2468 1702 2670 1754 trans«

476 1797 747 1859 vertisse
794 1795 1088 1857 homines
1135 1795 1470 1856 adulantes
1517 1814 1826 1874 perquam
1877 1797 1960 1856 sit
2004 1796 2137 1857 veri
2184 1796 2407 1857 simile.

654 1898 843 1979 Quae
911 1900 961 1960 si
1031 1908 1206 1960 recte
1275 1899 1671 1959 coniecimus
1742 1899 1804 1958 in
1871 1899 2220 1980 propatulo
2289 1910 2386 1961 est
2454 1901 2657 1981 epigr.

477 2003 678 2065 libelli
756 2024 855 2084 ep.
924 2003 1008 2064 ⁴20
1083 2003 1165 2081 (v.
1225 2002 1269 2063 4
1343 2000 1397 2063 O
1454 2003 1646 2063 'dulce
1711 2004 2013 2063 invicti
2075 2005 2503 2083 principis
2571 2005 2659 2065 in-

465 2108 761 2189 genium)
830 2128 957 2168 non
1026 2109 1225 2168 modo
1295 2105 1358 2166 in
1426 2106 1874 2189 Domitianum
1959 2108 2192 2168 cadere
2284 2108 2399 2169 sed
2469 2108 2665 2169 etiam

480 2212 745 2273 omnino
778 2232 905 2272 non
937 2219 1086 2271 ante
1117 2210 1602 2290 expeditionem
1641 2210 2070 2272 Sarmaticam
2112 2212 2186 2291 (a.
2217 2211 2322 2285 92)
2355 2213 2666 2293 scriptum

476 2337 620 2378 esse
666 2315 969 2397 potuisse.

654 2420 918 2481 Prorsus
965 2420 1138 2481 idem
1184 2418 1359 2479 valet
1404 2418 1485 2480 de
1533 2419 1819 2479 eiusdem
1868 2418 2065 2480 libelli
2112 2440 2211 2501 ep.
2266 2420 2333 2481 6.

690 2524 988 2604 Belliger
1025 2524 1139 2584 in
1118 2523 1369 2584 12thzs
1402 2524 1574 2603 quod
1597 2521 1796 2584 mus
1828 2524 1946 2584 ti'bz
1971 2545 2106 2584 serm
2087 2559 2100 2584 ι
2113 2525 2179 2585 it
2204 2545 2270 2584 m
2303 2524 2533 2588 armis

793 2627 939 2688 Non
982 2628 1142 2689 satis
1188 2636 1298 2687 est.
1356 2625 1634 2688 Caesar.
1689 2648 1824 2687 scr
1804 2661 1818 2687 ι
1831 2639 1895 2688 zt-
1937 2638 1999 2688 et
2038 2629 2183 2707 ipsa
2248 2627 2466 2688 Velm&
2520 2662 2604 2670 —-

668 2732 792 2812 Ep.
841 2730 923 2794 25
988 2732 1092 2811 (de
1155 2724 1283 2793 25¹²
1347 2729 1422 2791 cf.
1474 2750 1583 2810 pg.
1634 2728 1739 2808 34)
1787 2742 2168 2793 nocturnum
2234 2752 2462 2792 munus
2510 2731 2667 2793 cele-

480 2835 719 2910 bratur,
807 2837 986 2916 quod
1074 2855 1409 2895 munerum
1494 2854 1698 2913 genus
1767 2834 2216 2897 Domitianum
2287 2836 2349 2896 in
2420 2836 2666 2897 deliciis

477 2939 778 3002 habuisse
834 2949 899 3000 et
947 2937 1122 3001 Suet.
1173 2939 1368 3000 Dom.
1414 2937 1456 2997 4
1519 2947 1819 3000 testatur:
1893 2961 2044 3001 nam
2104 2942 2468 3001 veffzmtmms
2515 2941 2661 3020 σία·

475 3045 885 3125 dzatoresquc
944 3029 1004 3120 dt
1062 3043 1339 3103 nectebas
1399 3042 1495 3102 ad
1547 3041 1921 3121 lychnuchos
1982 3052 2047 3104 et
2104 3043 2235 3104 Dio
2309 3043 2563 3105 LXVII
2621 3042 2659 3102 8

478 3146 759 3217 πολλάκις
819 3144 885 3208 δὲ
943 3143 1042 3208 καὶ
1101 3169 1233 3215 τους
1295 3142 1519 3227 ἀγῶνας
1588 3142 1810 3228 νύκτωρ
1883 3143 2083 3207 ἐποίει.
2103 3145 2176 3223 33)
2297 3147 2522 3228 Usque
2606 3147 2668 3207 in

481 3261 741 3313 noctem
802 3252 1185 3331 perduxisse
1247 3269 1513 3310 munera
1561 3249 2008 3312 Domitianum
2072 3272 2107 3312 e
2157 3250 2347 3313 Statii
2408 3271 2668 3331 quoque

479 3356 771 3417 versibus
818 3356 1125 3417 discimus
1172 3354 1381 3415 hisce:

478 3612 560 3680 (in
606 3611 768 3665 titulo
815 3612 1003 3664 saltem
1041 3609 1321 3677 Graeco)
1373 3612 1514 3677 patet
1562 3627 1591 3663 e
1643 3611 1798 3678 praef.
1837 3610 1990 3663 Mart.
2033 3609 2178 3672 V111,
2229 3609 2668 3677 Hadrianumque

478 3698 563 3751 sio
602 3698 659 3749 in
695 3700 934 3750 nummis
972 3698 1405 3763 cognominatum
1441 3712 1561 3749 osse
1598 3696 1754 3750 docet
1787 3695 2005 3749 Eokhel.
2046 3714 2129 3764 pg.
2168 3700 2288 3752 475.

656 3784 723 3854 32)
762 3783 1009 3836 Fortasse
1047 3784 1369 3847 Quintiliani
1409 3799 1621 3851 quoque
1658 3782 1808 3836 locus
1844 3783 1901 3835 X
1941 3789 1986 3840 1,
2024 3785 2184 3850 91l92
2222 3783 2418 3850 dignus
2454 3784 2538 3835 ost
2574 3781 2670 3850 qui

476 3871 763 3924 adferatur.
820 3868 940 3922 Illic
976 3870 1121 3922 enim
1143 3869 1382 3923 Caesaris
1420 3872 1653 3923 virtutes
1682 3869 1963 3923 bellicosas
1982 3883 2145 3922 vorsu
2163 3869 2316 3921 offert
2333 3868 2640 3937 Vergiliano
2658 3863 2672 3919 ε’

486 3959 645 4010 Inter
680 3959 1019 4010 victrices
1055 3957 1312 4010 hederam
1350 3959 1452 4011 tibi
1487 3971 1702 4024 serpere
1740 3959 2012 4011 laurus,
2667 3961 2672 3967 '

660 4041 722 4100 33)
763 4041 1071 4110 Eodemque
1090 4043 1245 4096 modo
1264 4041 1635 4097 Domitianum
1653 4042 1869 4110 saepius
1888 4043 2048 4109 dapes
2068 4042 2361 4095 indulsisse
2381 4043 2670 4094 nocturnas

482 4128 678 4196 populo
715 4129 979 4194 spectanti
998 4129 1102 4181 Dio
1140 4132 1315 4181 narrat
1333 4128 1543 4181 LXVII
1578 4133 1637 4192 43
1675 4129 1747 4182 ib.
1787 4144 1832 4181 o.
1856 4132 1888 4184 8
1924 4130 2058 4180 extr.
2117 4128 2299 4180 Addas
2336 4127 2672 4180 historiolam

480 4215 550 4266 de
587 4215 842 4266 convivio
878 4213 1204 4281 primoribus
1241 4217 1404 4266 noctu
1441 4213 1565 4267 dato
1601 4214 1674 4265 ib.
1714 4231 1758 4268 o,
1800 4220 1849 4270 9.
