3031 4640
473 312 557 375 48

650 486 966 547 Indicium
1014 487 1192 567 quod
1239 487 1519 566 primum
1566 484 1839 567 praebet
1869 487 2070 566 epigr.
2102 486 2275 548 haud
2310 487 2665 567 despicien-

478 591 633 651 dum
696 589 850 651 mihi
910 590 1181 654 videtur.
1288 588 1599 670 Stephani
1657 587 1889 650 balnea
1945 589 2053 651 illa
2109 591 2174 651 in
2235 586 2422 652 Mart.
2488 590 2667 652 libris

477 714 792 774 nusquam
855 695 1257 756 inveniuntur
1313 702 1596 774 excepto
1665 713 1793 754 uno
1855 693 2003 754 loco
2064 691 2161 754 XI
2222 692 2307 757 52
2322 693 2369 769 4,
2440 716 2477 756 e
2534 715 2668 776 quo

480 798 787 859 discimus
820 797 1185 860 Martialem
1218 798 1389 859 haud
1423 796 1649 878 procul
1696 796 1780 856 ab
1827 797 1904 859 iis
1950 797 2277 860 habitasse
2322 798 2526 879 iisque
2573 799 2667 861 uti

479 921 818 963 consuesse
904 903 1297 982 (lavabimur
1364 923 1493 962 una
1512 926 1532 961 :
1599 898 1615 984 J}
1666 899 1826 973 Scis.
1897 923 2090 982 quam
2160 904 2291 964 sint
2353 901 2675 982 Stephani

480 1006 709 1067 balnea
754 1006 966 1068 iuncta
1012 1005 1218 1085 milei).
1343 1004 1669 1066 Prioribus
1725 1005 1906 1066 annis
1953 1042 2034 1049 —-
2083 1015 2377 1087 tempore
2434 1006 2669 1068 saltem

484 1110 623 1171 libr.
675 1110 703 1170 I
763 1119 827 1171 et
873 1109 932 1170 II
980 1148 1060 1154 —-—
1108 1110 1341 1171 balnea
1401 1118 1653 1170 tantum
1716 1119 2034 1171 memorat
2093 1110 2261 1191 Lupi
2327 1109 2671 1190 Gryllique

484 1213 945 1294 quo-lavatum
993 1234 1062 1274 se
1109 1215 1233 1275 isse
1281 1213 1625 1275 confitetur
1669 1213 1701 1274 I'
1743 1213 1826 1276 59
1852 1211 1932 1296 3s4
1990 1214 2233 1293 (Redde
2277 1213 2451 1294 Lupi
2492 1214 2672 1275 nobis

483 1318 934 1397 tenebrosaque
979 1318 1209 1379 balnea
1262 1316 1512 1399 Grylli:
1559 1314 1575 1401 ss
1634 1316 1793 1378 Tam
1839 1319 2011 1378 male
2055 1340 2195 1380 cum
2257 1338 2489 1389 cenem,
2553 1339 2672 1378 cur

406 1494 411 1503 ‚
488 1423 660 1493 bene..
734 1421 983 1482 Flacce.
1059 1422 1338 1499 lavorfi),
1416 1432 1798 1502 praeterque
1866 1441 1943 1482 ea
2026 1422 2367 1484 Fortunati
2423 1422 2477 1482 F
2484 1422 2674 1483 austi-

484 1545 609 1605 que
641 1525 699 1585 II
738 1524 819 1586 14
836 1525 905 1585 ¹1.
990 1524 1295 1606 Sequitur
1340 1526 1490 1588 inde
1537 1525 1592 1585 si
1638 1525 1794 1605 quid
1838 1526 2033 1587 video
2078 1525 2391 1607 Stephani
2438 1526 2673 1587 balnea

484 1639 782 1709 tempore
829 1629 969 1690 libr.
1019 1628 1063 1690 Ι.
1111 1630 1168 1690 ΙΙ
1237 1631 1526 1692 nondum
1595 1628 1786 1689 fuisse
1855 1629 2213 1691 aedificata.
2307 1631 2479 1693 Nam
2550 1631 2671 1691 etsi

484 1743 747 1814 poetam
795 1744 1077 1796 mutasse
1140 1734 1542 1796 domicilium
1606 1734 1786 1813 quod
1847 1742 2141 1814 tempore
2198 1734 2337 1795 libr.
2390 1735 2433 1795 I.
2484 1734 2559 1795 II.
2612 1736 2669 1795 ei

483 1848 621 1899 erat
665 1839 1169 1900 concederemus
1233 1837 1334 1916 (cf.
1384 1818 1530 1899 adn.
1582 1837 1706 1913 31),
1756 1838 1846 1898 ita
1893 1846 1961 1897 ut
2021 1847 2316 1918 tempore
2374 1838 2513 1900 libr.
2580 1837 2671 1900 XI

487 1942 797 2023 Stephani
844 1942 1090 2004 balneis
1150 1961 1299 2002 cum
1359 1942 1627 2023 propius
1673 1942 1795 2003 sita
1858 1951 2068 2003 essent
2127 1951 2428 2017 uteretur,
2478 1942 2672 2003 recla-

486 2066 660 2107 mare
707 2056 925 2108 tamen
970 2046 1125 2108 mihi
1170 2046 1427 2107 videtur
1472 2045 1500 2106 I
1546 2043 1752 2122 593¹)

666 2136 798 2212 Sed
843 2150 1062 2230 paullo
1109 2150 1384 2230 amplius
1431 2150 1492 2211 ni
1541 2149 1726 2212 fallor
1764 2151 1827 2211 in
1861 2150 2240 2212 definiendis
2272 2149 2678 2231 temporibus

490 2255 616 2315 illis
663 2255 896 2336 quibus
943 2264 1277 2315 exstructa
1322 2255 1448 2315 sint
1494 2254 1726 2316 balnea
1772 2254 1878 2316 illa
1938 2255 2245 2336 progredi
2309 2274 2682 2337 possumus.

492 2359 560 2421 Si
609 2359 777 2420 enim
827 2380 994 2440 quae
1041 2360 1123 2421 de
1171 2369 1466 2440 tempore
1499 2380 1649 2420 cum
1681 2359 1878 2421 totius
1910 2359 2049 2420 libr.
2079 2360 2106 2419 I
2138 2369 2276 2422 tum
2308 2360 2509 2440 epigr.
2535 2359 2563 2419 I
2589 2359 2678 2422 59

489 2473 552 2523 et
578 2462 661 2526 62
685 2484 804 2544 pro
831 2475 1008 2526 certo
1032 2473 1314 2526 statuere
1343 2462 1631 2525 conabor
1664 2463 1761 2543 (cf.
1791 2482 1901 2543 pg.
1927 2462 2010 2524 80
2034 2484 2126 2544 sq.
2153 2489 2167 2542 ς
2202 2461 2422 2547 87s88)
2454 2484 2678 2527 revera

489 2566 732 2647 aliquid
793 2567 1027 2643 valent,
1092 2589 1191 2650 ep.
1257 2568 1453 2648 igitur
1496 2568 1526 2628 I
1570 2565 1654 2629 59
1712 2577 2006 2648 tempore
2067 2568 2330 2628 demum
2392 2567 2531 2628 libr.
2579 2567 2676 2628 IV

490 2672 926 2751 compositum
974 2682 1088 2747 est,
1137 2672 1370 2734 balnea
1414 2672 1524 2733 illa
1568 2681 1706 2733 tum
1753 2672 2039 2732 nondum
2099 2671 2289 2733 fuisse
2343 2680 2682 2732 exstructa

492 2784 558 2835 et
603 2796 703 2856 ep.
754 2773 918 2837 XIV
968 2775 1051 2837 (30
1096 2786 1246 2856 post
1291 2786 1589 2866 tempora
1650 2775 1788 2837 libr.
1839 2774 1932 2835 IV
1991 2776 2223 2836 cadere
2281 2775 2469 2837 facile
2532 2795 2678 2836 con-

491 2880 719 2959 cedes3
766 2880 816 2939 si
865 2880 992 2941 illic
1040 2881 1243 2941 erravi
1293 2890 1566 2960 optumo
1612 2888 1832 2941 tamen
1878 2879 2013 2940 iure
2059 2879 2445 2942 concludere
2491 2879 2682 2941 nobis

491 2983 682 3044 licere
726 2993 887 3063 puto
934 2994 1000 3045 et
1043 2984 1275 3045 balnea
1321 2984 1427 3045 illa
1460 2994 1525 3045 et
1562 3005 1660 3065 ep.
1694 2982 1858 3045 XIV
1893 2983 1975 3044 60
2007 2985 2070 3044 in
2116 2992 2413 3065 tempora
2445 2985 2683 3046 cadere

492 3087 672 3148 libris
719 3087 762 3148 Ι.
808 3087 867 3148 II
913 3085 1168 3150 Seriora.

670 3189 802 3252 Sed
886 3192 1014 3253 iam
1099 3193 1182 3253 ad
1265 3212 1363 3272 ep.
1438 3191 1521 3253 73
1590 3192 1977 3252 accedamus
2046 3211 2303 3272 quaeso.
2424 3190 2684 3253 Scimus

493 3294 862 3355 Martialem
920 3316 1070 3357 cum
1115 3294 1364 3357 Atedio
1411 3293 1681 3356 Meliore
1737 3296 1970 3356 eodem
2032 3315 2226 3376 quem
2275 3294 2519 3357 Statius
2575 3295 2682 3356 ali·

669 3442 744 3514 31)
783 3445 928 3511 Quae
966 3449 1014 3501 si
1052 3448 1216 3502 nimis
1254 3449 1355 3501 tibi
1392 3451 1591 3501 temere
1629 3447 1881 3501 conclusa
1916 3448 2170 3500 videntur
2204 3447 2423 3500 alteram
2469 3463 2680 3501 meeum

495 3550 628 3601 quae
673 3536 819 3600 patet
865 3535 1011 3588 viam
1059 3536 1207 3589 ineas
1257 3537 1477 3603 oportet.
1581 3533 1794 3588 Scimus
1841 3532 2075 3586 Maitiali
2124 3533 2182 3585 in
2232 3532 2498 3598 Quirinali
2546 3533 2683 3587 colle

494 3620 811 3673 conductam
847 3621 1017 3674 fuisse
1054 3622 1360 3675 cenaculam
1397 3620 1648 3691 (of.I70;
1693 3620 2165 3686 108⁸s43V22⁸s⁴;
2203 3619 2367 3686 6451'63
2403 3619 2681 3688 V1271'2)‚

498 3722 672 3774 usque
708 3707 774 3758 ad
809 3706 935 3759 libri
973 3711 1034 3761 ut
1081 3709 1299 3762 videtur
1353 3707 1572 3777 septimi
1627 3706 1716 3759 vel
1751 3707 1929 3759 octavi
1969 3708 2206 3773 tempora
2259 3705 2396 3775 (VII
2431 3706 2575 3774 92⁵).
2613 3737 2682 3744 -

501 3792 586 3845 IX
626 3791 755 3858 18²3
793 3795 897 3850 97⁸
932 3794 1199 3862 propriam
1234 3796 1342 3847 iam
1378 3794 1651 3847 habitabat
1686 3793 1904 3845 domum
1952 3808 2176 3859 eamque
2224 3792 2367 3845 haud
2416 3793 2604 3860 procul
2650 3810 2679 3844 a

499 3878 713 3942 Quirini
750 3879 973 3932 aedibus
1011 3879 1091 3947 (X
1128 3881 1279 3946 58103
1315 3879 1400 3933 XI
1438 3880 1525 3949 1⁹)
1563 3879 1739 3937 sitam.
1812 3878 2047 3932 Domum
2082 3878 2229 3931 illam
2265 3881 2488 3947 propius
2524 3879 2684 3933 facile

496 3966 563 4016 ad
613 3963 868 4031 Stephani
928 3965 1113 4018 balnea
1159 3967 1319 4019 sitam
1366 3966 1538 4020 fuisse
1583 3965 1660 4018 ita
1709 3967 1768 4018 ut
1820 3964 1934 4017 illis
1988 3965 2182 4018 exinde
2237 3968 2478 4019 uteretur
2528 3968 2681 4034 poeta

501 4049 896 4115 celebraretque
933 4068 994 4104 ea
1031 4066 1155 4104 sane
1190 4052 1367 4105 videri
1404 4054 1581 4119 potest
1617 4052 1731 4104 veri
1772 4050 1966 4104 simile.
2023 4050 2156 4103 Tum
2192 4067 2320 4105 vero
2357 4069 2439 4120 ep.
2460 4053 2596 4106 XIV
2616 4058 2686 4109 60

498 4136 625 4187 inde
663 4151 693 4186 a
729 4138 964 4202 tempore
1003 4135 1220 4188 demum
1255 4136 1380 4189 libri
1401 4137 1506 4188 VII
1524 4139 1771 4190 exortum
1790 4152 1910 4189 esse
1931 4151 2265 4190 sumeremus
2285 4154 2503 4192 necesse
2523 4142 2682 4192 esset.
