3031 4640
2502 311 2592 373 49

398 481 655 562 quoties
701 482 1001 545 adulatur
1047 486 1123 561 (v.
1175 483 1310 545 silv.
1358 481 1416 543 II
1469 482 1521 542 l.
1573 481 1629 544 3.
1681 482 1744 559 4)
1801 484 2036 546 artiore
2082 485 2366 565 quadam
2412 484 2585 549 fami·

401 585 676 648 liaritate
745 586 1160 648 coniunctum
1230 585 1440 660 fuisse,
1511 587 1563 647 si
1635 589 1843 650 minus
1912 589 2040 650 iam
2108 589 2373 650 secundi
2441 588 2585 661 libri

397 698 695 771 tempore
742 680 1206 772 quartique'ffl
1237 689 1354 769 693
1401 689 1496 752 IV
1544 690 1650 772 54)
1696 700 1986 754 attamen
2033 702 2207 755 certe
2251 702 2386 755 tum
2437 712 2585 754 cum

396 792 652 855 libellos
698 792 789 855 VI
834 805 901 857 et
947 794 1098 861 VIII
1144 803 1567 875 componeret
1614 793 1727 875 (VI
1759 795 1879 876 283
1927 796 2048 876 293
2093 773 2400 874 V11'138),
2450 798 2585 858 sine

395 897 603 960 dubio
670 918 829 979 ergo
898 898 1228 961 desinente
1274 914 1463 972 non0,
1529 899 1872 980 incipiente
1934 901 2191 962 decimo
2250 902 2579 963 decennio,

398 1001 458 1063 E
506 982 703 1064 libelli
753 1000 1025 1064 Statiani
1072 1001 1130 1063 II
1174 1022 1227 1064 e.
1278 1002 1320 1064 4
1365 1004 1679 1065 docemur
1706 1003 1955 1067 Atedio
2001 1004 2191 1067 fuisse
2236 1005 2584 1085 psittacum

396 1106 799 1188 perdocilem
847 1127 966 1168 nec
1012 1104 1214 1169 modo
1243 1106 1442 1169 verba
1487 1107 1756 1170 recitata
1800 1109 2181 1171 reddentem
2225 1109 2341 1173 sed
2388 1109 2584 1170 etiam
2637 1138 2644 1145 ·

398 1206 790 1273 αὖτοὸίὸακτα
863 1211 1119 1292 saepius
1187 1211 1619 1293 proferentem
1690 1221 1754 1274 et
1827 1213 1935 1293 qui
1996 1202 2289 1277 Caesaris
2347 1232 2584 1274 nomen

401 1314 738 1377 salutantis
786 1316 985 1381 instar
1027 1317 1221 1378 edere
1253 1326 1640 1378 consuesset.
1714 1316 1978 1378 Prorsus
2025 1317 2199 1379 idem
2222 1338 2372 1379 cum
2397 1316 2583 1379 Mart.
2621 1346 2632 1353 ’

399 1418 680 1481 disticho
728 1419 837 1481 illo
887 1419 967 1482 73
1015 1421 1098 1481 de
1152 1420 1432 1501 psittaco
1490 1420 1665 1482 dicat
1725 1421 2099 1502 cuiuspiam,
2145 1421 2317 1503 ,quid
2376 1421 2585 1501 magis

394 1534 498 1585 est
546 1532 1046 1586 consentaneum
1094 1545 1286 1604 quam
1336 1534 1405 1585 ut
1452 1525 1846 1589 coniciamus
1890 1533 1956 1586 et
2001 1525 2213 1605 ipsum
2259 1524 2583 1597 distichon

395 1628 624 1690 fecisse
671 1627 828 1690 illud
875 1628 937 1689 in
993 1628 1268 1690 eandem
1315 1628 1603 1690 Melioris
1659 1627 1880 1690 avem?
1973 1627 2283 1693 Conferas
2341 1648 2582 1710 quaeso

394 1752 616 1794 versus

819 1852 1010 1915 Statii
1451 1862 1519 1916 et
1959 1854 2145 1916 Mart.

398 1976 470 2037 7:
532 1976 771 2055 affatus
795 1976 988 2037 etiam
1012 1975 1438 2056 meditataque
1545 1975 1864 2036 Psittacus
1940 1995 1983 2035 a
2048 1975 2224 2037 vobis
2303 1976 2580 2037 aliorum

436 2060 440 2069 ⁹
527 2080 729 2143 verba
771 2078 779 2160 ἶ
820 2079 1246 2143 ReddideraS.
1632 2080 1886 2140 nomina
1932 2078 2177 2142 discam
2195 2104 2215 2140 .-

346 2202 349 2205 ’
390 2183 480 2247 29
503 2208 518 2248 ;
544 2183 684 2258 ‚Ille
718 2184 1033 2251 salutator
1064 2205 1293 2265 regum
1337 2205 1435 2246 no·
1630 2181 1770 2243 Hoc
1814 2182 2013 2244 didici
2039 2193 2171 2262 per
2215 2206 2315 2245 me
2372 2184 2583 2246 dicere

332 2292 341 2301 ‘
395 2309 663 2370 menque
713 2288 949 2350 locutus
988 2287 996 2367 1
1045 2285 1435 2351 Caesareum
1723 2283 2014 2349 .Caesar.
2065 2285 2270 2350 lcave‘.

392 2404 459 2454 et
484 2393 744 2473 queruli
766 2394 1082 2473 quondam
1105 2394 1433 2473 vicefunc-

395 2507 498 2559 tus
565 2498 777 2568 amici.
838 2494 846 2568 ἰ
899 2496 1088 2559 Nunc
1170 2498 1434 2559 conviva

395 2602 557 2663 levis
624 2611 1098 2683 monstrataque
1160 2601 1435 2664 reddere

394 2706 596 2767 verba
635 2707 644 2783 Ι
697 2704 757 2765 T
749 2727 857 2767 am
883 2706 1119 2785 facilis
1137 2711 1179 2767 !‘
1489 2717 1494 2787 Ι
1525 2713 1564 2724 ”

572 2841 876 2925 Quocum
924 2855 1191 2927 optume
1237 2845 1539 2907 convenit
1562 2843 1813 2907 Atedio
1859 2842 2110 2905 Meliori
2160 2843 2300 2923 ipso
2346 2842 2578 2903 eodem

394 2959 690 3031 tempore
735 2950 1083 3030 psittacum
1115 2950 1306 3012 fuisse
1338 2947 1469 3029 quo
1494 2948 1682 3010 Mart.
1724 2945 2065 3008 artioribus
2096 2945 2580 3007 necessitudinis

392 3053 664 3116 vinculis
710 3073 858 3114 cum
884 3052 1132 3116 Atedio
1179 3053 1562 3115 constrictus
1608 3059 1794 3114 esset.
1863 3049 2035 3111 Nam
2084 3048 2273 3113 Statii
2322 3069 2579 3111 carmen

392 3157 551 3221 illud
598 3156 657 3219 II
701 3156 743 3219 4
787 3156 1076 3217 laudatio
1123 3166 1221 3219 est
1265 3156 1547 3219 funebris
1603 3158 1666 3218 in
1726 3156 2076 3237 psittacum
2138 3154 2317 3215 illum
2378 3155 2577 3215 modo

394 3270 741 3335 mortuum,
792 3260 1157 3340 conscripta
1214 3262 1386 3323 circa
1444 3280 1683 3322 annum
1746 3259 1940 3343 89J9O
1997 3258 2227 3339 (editus
2284 3267 2384 3320 est
2442 3258 2576 3322 silv.

396 3364 557 3428 liber
578 3363 638 3426 II
663 3363 900 3426 Friedl.
930 3372 1095 3425 teste
1140 3384 1196 3424 a.
1231 3364 1314 3426 92
1346 3365 1447 3426 vel
1480 3364 1583 3440 93,
1619 3365 1695 3427 cf.
1732 3364 1875 3427 hist.
1907 3384 2063 3426 mor.
2092 3361 2226 3424 III5
2248 3382 2358 3444 pg.
2386 3360 2576 3443 444);

394 3469 708 3531 Martialis
751 3487 907 3530 vero
952 3465 1185 3529 librum
1232 3466 1323 3529 VI
1369 3489 1424 3529 a.
1474 3468 1561 3532 90
1605 3469 1851 3531 editum
1897 3489 2036 3531 esse
2091 3469 2244 3530 satis
2302 3476 2573 3530 constat.

395 3574 556 3637 Inde
616 3572 904 3654 sequitur
962 3571 1276 3634 Martialis
1333 3571 1489 3633 illud
1561 3592 1656 3653 ep.
1718 3571 1798 3634 73
1866 3574 2180 3654 scriptum
2250 3591 2390 3633 esse
2456 3573 2574 3635 nisi

397 3677 552 3759 ipsis
620 3677 800 3739 annis
857 3675 939 3739 89
998 3676 1098 3738 vel
1161 3675 1247 3739 90
1314 3683 1602 3737 attamen
1667 3677 2004 3756 proxumis
2073 3685 2245 3739 certe
2312 3697 2398 3739 ex
2465 3677 2576 3740 illo

393 3792 692 3863 tempore
737 3781 951 3861 annis;
998 3800 1148 3843 nam
1173 3779 1444 3860 longum
1469 3799 1587 3860 per
1609 3780 1888 3861 spatium
1913 3800 2098 3841 avem
2126 3780 2300 3843 illam
2324 3780 2574 3843 Atedio

395 3886 590 3949 fuisse
636 3905 715 3947 ne
761 3886 1101 3948 credamus
1147 3883 1508 3965 impediunt
1556 3881 1747 3946 Statii
1793 3905 1851 3944 v.
1902 3882 1986 3946 36
2031 3891 2096 3945 et
2141 3882 2258 3946 37:

1125 4075 1136 4087 .
1168 4076 1179 4087 .
1212 4076 1223 4085 .
1254 4024 1450 4097 ‚senio
1495 4044 1606 4085 nec
1630 4024 1859 4102 fessus
1904 4022 2102 4082 inerti

707 4127 974 4190 Scandit
1012 4128 1304 4190 odoratos
1348 4126 1639 4190 Phoenix
1662 4126 1932 4207 felicior
1974 4125 2202 4206 ignesf
2251 4158 2331 4169 —

2238 4247 2266 4283 4
