3031 4640
2353 356 2554 425 ‚59

365 528 671 609 positum,
743 528 820 590 cf.
890 550 949 590 v.
1025 528 1101 590 11
1165 528 1424 590 Albana
1490 530 1934 593 commissalia,
2009 530 2090 592 12
2165 529 2558 611 Capitolinae·

362 631 584 711 dapeS,
637 630 716 692 13
764 632 902 711 epse
944 631 1150 710 deus);
1196 630 1277 694 57
1329 633 1498 712 (ante
1522 630 1663 713 X‘23
1710 632 1786 696 cf.
1827 653 1925 714 ep.
1954 632 2071 710 923
2119 633 2202 698 96
2227 632 2345 714 ³³s43
2401 634 2590 713 1033.

370 733 539 812 104).
612 734 836 817 Epigr.
889 736 1091 797 modo
1137 746 1510 799 enumerata
1556 736 1639 798 ab
1688 736 1829 817 ipso
1874 748 2074 818 poeta
2119 748 2379 820 recepta
2418 760 2557 801 esse

363 837 539 899 haud
601 838 736 900 scio
795 859 909 900 cur
969 838 1339 901 dubitemus
1394 839 1752 921 sumere32)
1825 841 2298 925 dubitationem
2370 843 2557 904 nobis

364 943 603 1003 iustam
663 963 857 1004 unum
921 951 1173 1005 tantum
1234 953 1453 1024 potest
1496 944 1784 1006 excitare
1830 965 1930 1025 ep.
1979 943 2039 1021 5,
2100 947 2277 1027 quod
2339 946 2557 1009 antho-

366 1044 612 1126 logiam
659 1045 831 1107 illam
878 1066 915 1108 e
960 1046 1267 1109 librorum
1293 1045 1451 1110 Xet
1474 1046 1567 1109 XI
1604 1049 1805 1129 epigr.
1856 1049 2078 1111 electis
2124 1051 2555 1132 compositam

362 1160 591 1230 aperte
638 1150 791 1212 olim
840 1150 1334 1231 inauguraverat
1380 1151 1478 1231 (cf.
1531 1151 1770 1215 Friedl.
1808 1154 2003 1232 adn).
2083 1154 2555 1216 Difficillimum

366 1254 491 1316 erit
550 1255 908 1317 diiudicatu
971 1262 1184 1315 utrum
1245 1255 1383 1335 ipse
1442 1265 1640 1336 poeta
1695 1276 1795 1337 ep.
1860 1258 1902 1319 ἴ)
1962 1259 2337 1339 apposuerit
2405 1258 2553 1320 illuc

366 1379 451 1420 an
495 1359 593 1420 vir
637 1359 856 1420 nescio
902 1358 1044 1439 quis
1090 1358 1523 1439 posteriorum
1569 1369 1954 1441 temporum.

544 1461 667 1542 Ep.
739 1459 828 1523 IV
895 1461 997 1536 25,
1084 1460 1167 1524 68
1236 1462 1314 1523 al.
1387 1484 1555 1543 quae
1621 1465 1835 1544 primo
1903 1466 2168 1546 quidem
2244 1464 2558 1545 adspectu

365 1565 654 1646 speciem
678 1566 988 1646 praebere
1033 1566 1348 1641 videntur,
1395 1575 1705 1647 tanquam
1752 1569 2073 1649 prioribus
2119 1587 2314 1649 quam
2347 1577 2561 1629 cetera

374 1669 668 1731 eiusdem
738 1669 882 1732 libri
951 1670 1355 1750 temporibus
1423 1680 1566 1733 orta
1632 1672 1774 1745 sint,
1847 1691 1998 1733 cum
2066 1672 2239 1733 nulla
2319 1681 2389 1733 ut
2470 1673 2561 1733 sic

372 1773 734 1834 iudicemus
779 1794 896 1835 nos
941 1784 1138 1855 cogat
1185 1775 1532 1837 necessitas
1578 1795 1889 1856 seponere
1933 1774 2165 1856 placet.

544 1876 619 1939 Id
664 1897 819 1938 vero
865 1879 1042 1957 quod
1090 1879 1431 1940 ostendere
1489 1879 1662 1941 volui
1727 1899 1875 1940 cum
1937 1899 2022 1940 ex
2081 1879 2156 1941 iis
2219 1880 2347 1941 iam
2395 1901 2560 1961 quae

373 1980 516 2042 dixi
566 1980 849 2043 dilucide
895 1992 1222 2061 appareat,
1283 1993 1480 2045 restat
1538 1993 1609 2045 ut
1668 1984 1751 2045 ad
1799 1983 2066 2045 alteram
2114 2003 2231 2044 nos
2277 2003 2417 2064 cap.
2469 1983 2564 2046 III

368 2093 626 2165 partem
674 2104 946 2165 eamque
993 2087 1356 2165 graviorem
1404 2097 1872 2149 convertamus,

1438 2340 1496 2402 2.

372 2462 496 2532 De
575 2459 1124 2557 epigrammatis
1198 2463 1609 2554 posteriore
1689 2478 2023 2558 tempore
2090 2464 2269 2534 ortis
2342 2478 2564 2558 atque

504 2598 690 2670 inter
744 2599 1061 2692 priorum
1118 2597 1461 2671 librorum
1518 2601 2052 2697 epigrammata
2108 2602 2388 2698 positis,

548 2770 654 2832 Ac
737 2769 1017 2852 primum
1085 2771 1349 2850 quidem
1420 2779 1488 2832 ut
1556 2772 1640 2833 ab
1708 2775 2181 2854 epigrammate
2254 2774 2558 2855 incipiam

375 2875 761 2937 sententiam
810 2883 1094 2936 nostram
1143 2875 1206 2936 in
1250 2874 1440 2936 titulo
1487 2877 1690 2938 modo
1735 2879 2213 2957 pronuntiatam
2278 2880 2564 2941 maxime

373 2978 672 3040 firmante
727 2979 1012 3040 animum
1071 2998 1325 3041 mecum
1390 2990 1728 3042 convertas
1785 2983 1849 3043 in
1896 2982 2034 3044 libr.
2083 2984 2110 3045 I
2157 2984 2563 3064 epigramma

375 3084 666 3145 secundo
714 3082 859 3144 loco
904 3083 1210 3163 positum.

551 3252 594 3322 2)
633 3252 713 3305 En
748 3251 945 3305 iterum
982 3253 1114 3320 quid
1150 3253 1257 3306 sibi
1296 3253 1529 3307 voluerit
1547 3252 1739 3306 Friedl.
1778 3255 1834 3307 in
1872 3255 2036 3308 dubio
2072 3255 2330 3322 relinquit
2368 3258 2429 3309 ut
2466 3257 2558 3323 qui

374 3342 437 3394 in
473 3340 555 3392 ed.
591 3339 620 3391 I
656 3355 739 3407 pg.
779 3344 845 3395 67
897 3338 975 3391 de·
1017 3338 1198 3392 libello
1234 3339 1421 3396 Prisco
1470 3341 1608 3395 dono
1645 3341 1819 3395 oblato
1855 3342 2026 3394 dicat:
2076 3343 2225 3396 Man
2260 3344 2403 3397 wir-d
2451 3344 2566 3397 also

381 3429 692 3482 annehmen
725 3433 962 3491 mussan,
1000 3426 1130 3480 dass
1168 3428 1250 3479 M.
1289 3427 1394 3481 das
1429 3429 1593 3482 Buch
1629 3429 1692 3481 in
1727 3429 1900 3481 einem
1938 3428 2036 3481 der
2082 3429 2347 3482 ndchsten
2383 3429 2559 3482 Jahre

377 3517 662 3580 erweitert,
715 3513 837 3568 und
884 3513 1014 3566 dass
1063 3511 1206 3568 dicae
1254 3515 1549 3568 erweiterte
1585 3514 1843 3583 Ausqabe
1893 3515 2011 3567 sich
2048 3515 2297 3568 erhalten
2331 3515 2449 3580 hat,
2506 3515 2564 3566 in

376 3600 547 3667 prima
582 3615 710 3653 vero
746 3600 813 3651 ad
848 3598 969 3652 libr.
991 3598 1103 3652 XII
1138 3601 1262 3652 nota
1298 3599 1404 3666 (ed.
1425 3599 1480 3651 II
1520 3616 1602 3667 pg.
1630 3599 1753 3666 218)
1791 3599 1936 3652 huno
1973 3599 2030 3651 in
2068 3600 2286 3653 modum
2323 3599 2563 3652 iudicet:

384 3685 510 3741 Das
546 3703 654 3741 uns
689 3686 966 3741 erhaltene
1002 3688 1163 3740 Buch
1198 3702 1306 3740 von
1341 3690 1408 3742 98
1446 3687 1848 3756 Epiqrammen
1903 3686 2058 3739 kamz
2105 3686 2245 3740 wohl
2279 3687 2431 3740 nicht
2469 3687 2567 3740 der

376 3774 730 3843 paucissimis
766 3773 955 3827 diebus
1004 3773 1557 3842 zusammenyestellte
1606 3772 1780 3826 brevis
1832 3772 2043 3825 libellus
2100 3772 2252 3836 (ΧΠ
2286 3775 2391 3837 1,3)
2430 3773 2565 3839 sein,

377 3859 620 3914 sondern
673 3861 792 3913 eine
842 3862 1137 3914 vermehrte
1192 3859 1454 3929 Ausyabe
1507 3858 1682 3924 (Einz.
1741 3857 1797 3911 S.
1851 3858 2103 3924 65—67)‚
2162 3858 2250 3911 die
2302 3858 2567 3911 viellez'eht

376 3962 544 4014 soyar
579 3952 688 4000 erst
722 3947 868 3999 nach
904 3947 1176 4001 Martials
1217 3946 1361 3999 Tode
1398 3945 1771 3999 veranstaltet
1807 3945 1896 3996 ist.
