3031 4640
450 353 537 415 54

625 527 1057 608 Recolligenti
1104 529 1299 608 igitur
1346 528 1500 590 mihi
1550 550 1714 610 quae
1760 529 2089 611 hucusque
2135 532 2462 612 disputata
2492 542 2640 594 sunt

455 640 789 711 totamque
857 631 1278 693 distichorum
1346 641 1413 694 et
1479 632 1834 695 Xeniorum
1921 643 1986 695 et
2054 633 2634 715 Apophoretorum

449 734 600 796 libri
674 745 967 797 naturam
1035 736 1301 797 intuenti
1373 737 1456 797 de
1524 736 1700 797 libris
1756 727 1916 800 XIII
1975 748 2040 799 et
2096 738 2247 800 XIV
2315 739 2439 800 hoc
2510 739 2635 803 dici

452 858 644 918 posse
711 839 995 900 videtur:
1068 841 1434 921 conscripta
1501 850 1647 902 sunt
1704 841 2031 923 utriusque
2098 842 2292 903 libelli
2364 843 2639 905 disticha

454 941 617 1003 intra
679 942 1083 1005 intervallum
1145 945 1294 1006 inde
1356 944 1438 1005 ab
1502 959 1671 1006 anno
1731 944 1860 1006 fere
1906 945 1991 1008 84
2050 966 2252 1027 usque
2307 947 2390 1008 ad
2448 969 2502 1008 a.
2553 946 2637 1008 92

450 1053 714 1126 patens3
785 1065 935 1107 nam
997 1046 1207 1110 insunt
1264 1047 1483 1108 libello
1544 1049 1795 1129 utrique
1840 1050 2316 1130 epigrammata
2361 1071 2528 1131 quae
2574 1060 2639 1111 et

452 1150 649 1211 medii
683 1151 1157 1231 desinentisque
1187 1151 1336 1212 noni
1359 1161 1435 1236 ⁴et
1465 1153 1738 1214 ineuntis
1764 1154 1999 1215 decimi
2027 1154 2318 1215 decennii
2345 1164 2639 1236 tempore

451 1255 816 1335 composita
861 1275 998 1316 esse
1043 1254 1354 1316 vidimus(
1435 1255 1879 1318 Distichorum
1929 1258 2125 1337 igitur
2164 1278 2636 1339 perpaucorum

451 1378 617 1437 quae
677 1358 942 1438 quidem
1003 1358 1158 1419 satis
1215 1367 1460 1419 certum
1523 1361 1834 1440 temporis
1891 1362 2198 1423 indicium
2267 1364 2639 1424 contineant

453 1461 617 1523 ratio
664 1461 823 1522 haec
869 1460 998 1523 fere
1045 1472 1172 1523 est:

624 1563 1009 1646 Conscripta
1053 1576 1229 1627 sunt:

666 1669 723 1748 1)
770 1679 919 1750 post
944 1690 997 1730 a.
1029 1668 1273 1752 83s84(
1275 1670 1447 1731 bello
1474 1669 1779 1733 Chattico
1818 1671 2115 1734 confecto
2142 1672 2639 1759 Germanicique
2770 1695 2774 1698 ’

762 1773 1152 1853 cognomine
1176 1775 1529 1855 assumpto)
1568 1795 1667 1855 ep.
1698 1773 1845 1835 XIV
1869 1775 1971 1837 26.
2022 1775 2262 1838 ΧΙΙΙ4.
2314 1775 2462 1837 XIV
2496 1776 2633 1840 170.

657 1876 719 1956 2)
768 1885 1061 1958 tempore
1106 1876 1380 1952 libriVL
1431 1879 1468 1939 i
1518 1901 1572 1939 e
1624 1899 1718 1939 ca.
1768 1899 1821 1940 a.
1869 1879 1953 1942 90
1999 1878 2299 1957 (Hirschf
2337 1879 2638 1960 Friedl)·

763 1980 841 2042 91
896 1980 1199 2060 (Stobbe)

764 2085 822 2165 a)
869 2085 1081 2146 hieme
1165 2106 1221 2146 a.
1299 2083 1380 2146 89
1487 2086 1696 2163 (rosae
1783 2085 2076 2148 Caesaris

868 2189 1212 2267 brumales)
1268 2238 2066 2252 ..........
2125 2211 2224 2271 ep.
2287 2189 2444 2312 XIII
2493 2192 2634 2254 127.

761 2290 827 2371 b)
872 2313 964 2354 ca.
1028 2313 1082 2354 a
1133 2292 1211 2355 91
1275 2292 1374 2354 vel
1423 2292 1507 2355 92
1569 2293 1673 2372 (Α.
1726 2294 1982 2357 Pudens
2038 2316 2074 2357 e

866 2397 1193 2458 Pannonia
1240 2401 1548 2479 reversus)
1618 2446 2065 2462 ......
2127 2420 2225 2479 ep.
2291 2397 2442 2460 XIII
2533 2399 2633 2461 69.

656 2500 717 2578 3)
764 2511 914 2581 post
973 2502 1072 2562 ed.
1139 2513 1313 2565 certe
1374 2503 1510 2564 libr.
1564 2502 1608 2564 I.
1663 2504 1741 2578 ΙΙ,
1805 2504 2075 2565 fortasse

760 2615 911 2686 post
957 2616 1253 2687 tempora
1297 2607 1397 2667 vel
1429 2607 1538 2668 lib.
1569 2606 1653 2669 IV
1685 2608 1784 2669 vel
1817 2608 1924 2668 lib.
1956 2608 2077 2669 VII

684 2732 689 2738 ’
762 2708 1104 2791 (Stephani
1152 2713 1404 2790 balnea)
1437 2760 2059 2773 ........
2120 2733 2219 2792 ep.
2294 2711 2443 2772 XIV
2535 2712 2634 2773 60.

656 2813 719 2892 4)
768 2824 1062 2896 tempore
1093 2816 1232 2877 libr.
1267 2817 1352 2879 IV
1383 2816 1485 2878 vel
1518 2827 1746 2897 postea
1779 2816 2076 2896 (Trypho

764 2917 1139 3000 bibliopola)
1183 2966 1979 2983 ..........
2047 2939 2064 2980 ·.
2125 2940 2222 2999 ep.
2287 2919 2445 2982 XIII
2578 2920 2635 2982 3.

659 3021 723 3102 5)
764 3023 921 3084 'inde
998 3024 1080 3085 ab
1156 3045 1209 3085 a.
1292 3023 1488 3107 86s87
1570 3026 1678 3101 (τε
1747 3023 1885 3084 libr.
1958 3023 2075 3102 ΙΙΙ)

764 3127 981 3205 (Dom.
1032 3130 1190 3189 deus
1252 3139 1318 3190 et
1363 3129 1653 3209 Iuppiter
1697 3127 2077 3208 appellatus)
2124 3148 2222 3208 ep.
2287 3127 2442 3190 XIII
2537 3129 2635 3190 74.

2132 3253 2230 3312 ep.
2295 3231 2442 3294 XIV
2581 3235 2634 3294 1.

660 3334 720 3414 6)
768 3356 821 3395 a.
895 3336 994 3396 vel
1065 3334 1146 3398 89
1215 3344 1494 3397 exeunte
1568 3336 1666 3398 vel
1744 3337 1917 3398 haud
1988 3337 2076 3398 ita

766 3438 970 3500 multo
1009 3449 1160 3520 post
1207 3440 1597 3520 (rhinoceros
1634 3440 1835 3521 duplo
1876 3462 2074 3502 cornu

764 3544 1127 3616 instructus)
1175 3591 2059 3608 ...........
2118 3566 2217 3625 ep.
2293 3546 2440 3607 XIV
2532 3547 2634 3608 53.

660 3647 719 3725 7)
768 3667 822 3708 a.
873 3647 956 3709 92

763 3752 820 3830 a)
868 3761 1164 3833 tempore
1213 3753 1649 3833 expeditionis
1677 3752 2076 3815 Sarmaticae

869 3855 1131 3935 (Caesar
1162 3856 1488 3918 Minervae
1532 3858 1765 3938 aegide
1796 3858 2079 3935 indutus)
2127 3879 2226 3939 ep.
2293 3858 2442 3921 XIV
2495 3857 2635 3922 179.

763 3960 827 4038 b)
875 3959 1168 4021 confecta
1246 3960 1352 4022 illa
1427 3950 1847 4042 expeditione
1923 3965 2076 4043 (pax

867 4065 1062 4133 certa)
1092 4113 1807 4127 .........
1820 4142 1826 4148 .
1882 4114 1894 4125 .
1969 4114 1980 4126 .
2055 4115 2067 4127 .
2128 4087 2227 4145 ep.
2293 4065 2442 4128 XIV
2533 4066 2637 4127 34.
