3031 4640
392 338 433 402 8

390 520 578 575 eatae
639 532 767 576 non
824 511 1097 575 multum
1155 511 1313 574 lucis
1367 512 1734 575 adlaturum
1781 531 1920 574 esse
1964 513 2081 574 sed
2127 546 2211 556 —
2257 511 2408 574 licet
2441 526 2583 574 ‘saess

390 616 538 697 pius
582 636 797 678 errore
842 625 1078 691 tenear,
1130 636 1258 678 non
1303 617 1474 678 enim
1522 616 1712 679 tironi
1758 625 1857 678 est
1888 616 2195 678 dedecori
2241 614 2584 697 aliquoties

389 721 626 782 cadere
673 719 780 783 ubi
826 728 928 783 tot
968 719 1253 783 veterani
1298 719 1639 782 exercitati
1696 719 2115 782 titubaverint
2158 755 2243 764 —
2287 719 2393 782 hic
2452 721 2583 782 iam

391 821 603 885 illicve
678 823 730 885 si
815 823 1158 905 caliginem
1233 822 1545 905 dissipare
1629 821 1783 885 mihi
1845 824 2191 905 contigerit
2245 833 2585 888 contentus

389 947 522 990 ero.
639 925 825 1008 Quae
916 927 1115 1009 igitur
1203 926 1538 1007 hucusque
1619 925 1982 1010 adsumptis
2049 927 2455 991 adminiculis
2520 929 2586 991 in

391 1031 616 1113 primis
674 1039 740 1093 et
800 1030 1092 1095 Suetonii
1153 1030 1514 1112 Dionisque
1577 1028 1782 1094 Cassii
1844 1032 2022 1094 libris
2082 1032 2207 1112 (vel
2268 1031 2583 1114 Xiphilini

395 1136 740 1217 Byzantini
797 1135 1145 1217 excerptis)
1206 1144 1272 1197 et
1330 1133 1523 1198 Statii
1586 1132 1777 1197 Silvis
1844 1134 2289 1217 Iuvenalisque
2353 1135 2580 1212 satiri5‚

390 1238 716 1321 lapidibus
778 1249 1114 1321 praeterea
1169 1247 1318 1301 acta
1390 1237 1662 1300 fratrum
1721 1238 2066 1302 Arvalium
2125 1239 2584 1303 exhibentibus

391 1341 660 1424 aliisque
706 1343 1023 1406 eiusmodi
1053 1341 1155 1406 vel
1202 1341 1381 1405 libris
1410 1341 1512 1404 vel
1559 1341 1760 1404 titulis
1805 1343 2112 1424 quicum
2144 1345 2229 1406 ad
2276 1343 2384 1406 illa
2427 1352 2583 1406 tem·

389 1466 553 1528 pora
608 1447 754 1529 plus
814 1449 1105 1510 minusve
1163 1456 1460 1529 spectent
1519 1467 1706 1529 spem
1749 1445 1981 1511 saltem
2027 1447 2251 1510 auxilii
2295 1448 2584 1510 excitare

394 1559 663 1631 possent
707 1572 930 1614 eruere
974 1551 1298 1634 potuerim
1344 1550 1763 1633 sequentibus
1807 1551 2064 1633 paginis
2108 1551 2383 1627 tradam,
2433 1571 2583 1614 nam

390 1673 510 1716 cur
539 1656 888 1735 periturae
917 1668 1204 1738 parcere
1249 1653 1557 1719 chartae?
1658 1678 1664 1684 ·
2337 1660 2344 1675 ⁴

1263 1840 1603 1971 CAPUT
1659 1899 1707 1970 I.

451 2077 586 2158 De
651 2076 832 2158 libri
897 2076 1041 2185 qui
1107 2074 1404 2156 dicitur
1468 2074 2143 2185 epigrammaton
2210 2075 2528 2156 ratione

634 2232 639 2235 ’
1131 2230 1847 2344 temporibusque.

565 2419 638 2480 In
696 2419 779 2483 32
836 2419 1038 2501 epigr.
1100 2417 1223 2480 illis
1250 2416 1293 2495 ¹)
1353 2417 1590 2498 quibus
1646 2418 2049 2500 compositus
2110 2427 2207 2480 est
2270 2415 2585 2479 Martialis

388 2523 915 2604 spectaculorum
942 2522 1061 2585 ‘vel
1107 2521 1463 2585 secundum
1511 2522 1774 2584 codices
1819 2519 1922 2601 (cf.
1972 2523 2120 2583 adn.
2162 2521 2226 2604 1)
2270 2522 2585 2603 epigram-

391 2634 616 2688 maton
681 2625 861 2700 liber,
931 2625 1109 2687 varia
1185 2624 1488 2689 ludorum
1571 2626 1636 2688 in
1713 2624 2193 2706 amphitheatro
2262 2625 2585 2689 Caesareo

388 2739 832 2811 spectatorum
876 2749 1117 2810 genera
1161 2729 1628 2792 describuntur.
1707 2729 1982 2792 Editum
2026 2749 2166 2791 esse
2211 2728 2499 2792 libellum
2546 2749 2585 2792 a

388 2842 587 2915 poeta
631 2842 704 2895 ut
748 2833 1205 2916 amphitheatri
1254 2833 1584 2897 dedicatio
1621 2854 1791 2896 anno
1822 2833 1908 2896 80
1937 2832 2110 2896 facta
2155 2831 2587 2895 celebraretur

270 2951 277 2956 ’
386 2937 599 3008 visum
661 2945 758 3000 est
813 2947 1069 3020 praeter
1126 2938 1458 3000 Raderum
1508 2937 2136 3019 Schmiederumque
2182 2937 2409 3020 Lipsio
2455 2937 2584 2999 iam

572 3142 607 3212 ι)
642 3140 740 3211 Ep.
767 3147 834 3201 33
872 3143 958 3212 (cf.
997 3142 1162 3198 schol.
1199 3143 1266 3196 ad
1300 3141 1542 3197 Iuvenal.
1583 3145 1682 3196 sat.
1724 3142 1804 3196 IV
1829 3147 1899 3200 38
1935 3173 2003 3181 —
2039 3143 2122 3196 ed.
2161 3140 2474 3195 Buecheler.
2495 3141 2587 3210 —)

392 3245 460 3282 ne
497 3228 855 3298 coniungatur
901 3245 1025 3282 cum
1074 3229 1522 3297 praecedentibus
1570 3228 1832 3297 impedire
1879 3229 1988 3284 iam
2042 3245 2263 3283 sensum
2309 3228 2430 3283 eius
2477 3228 2586 3283 Do-

389 3314 614 3369 mitiano
662 3316 921 3369 infestum
966 3315 1089 3369 luce
1138 3315 1351 3372 clariuS.
1451 3315 1608 3379 Quod
1656 3331 1720 3369 eo
1769 3316 1978 3369 tantum
2039 3316 2277 3384 tempore
2337 3314 2586 3384 componi

393 3401 576 3470 potuit
611 3417 717 3470 quo
752 3399 906 3455 Mart.
950 3401 1151 3454 librum
1185 3401 1301 3456 XII
1348 3402 1549 3456 edidit:
1599 3404 1729 3456 tunc
1777 3403 1924 3456 enim
1970 3418 2078 3456 non
2126 3403 2236 3457 iam
2285 3403 2586 3470 temporum

385 3487 666 3541 atrocitate
684 3487 981 3556 impeditus
1002 3487 1216 3556 saepius
1235 3487 1295 3541 in
1313 3488 1684 3542 Domitianum
1701 3488 1981 3542 invehitur
1991 3487 2065 3556 (v.
2079 3487 2194 3541 XII
2212 3488 2307 3546 6¹¹.
2325 3489 2452 3544 15¹⁰.
2468 3487 2585 3557 al.)‚

388 3573 478 3628 vel
515 3574 565 3627 si
601 3574 776 3628 mavis
813 3590 875 3629 eo
911 3574 1020 3628 iam
1053 3576 1309 3643 tempore,
1347 3591 1452 3644 quo
1501 3574 1701 3629 anthol.
1738 3591 1768 3629 e
1803 3575 1922 3641 libr.
1959 3575 2017 3628 X
2052 3576 2108 3628 et
2142 3574 2228 3628 XI
2275 3574 2579 3643 decerptam

392 3661 534 3714 foras
570 3660 750 3715 misit:
788 3661 1096 3729 increpatur
1129 3661 1276 3715 enim
1311 3662 1418 3715 iam
1455 3661 1574 3715 illic
1611 3661 1861 3730 quamvis
1897 3660 2077 3730 paullo
2112 3661 2397 3715 remissius
2423 3660 2578 3715 Dom.

392 3747 477 3817 (v.
513 3746 658 3805 X72
675 3747 787 3779 1-4·
807 3748 957 3814 ⁸-¹⁸;
994 3747 1275 3815 X139'103
1315 3748 1383 3818 7).
1444 3748 1742 3803 Scholiasta
1775 3747 1896 3801 Iuv.
1934 3747 2120 3802 eodem
2155 3748 2264 3804 iam
2300 3764 2405 3816 quo
2441 3764 2584 3802 nunc

383 3833 608 3889 codices
644 3835 897 3903 praebent
943 3834 1061 3888 loco
1108 3833 1307 3902 legisse
1352 3835 1574 3889 videtur
1619 3834 1958 3903 epigramma.
2030 3832 2171 3887 Nam
2217 3835 2320 3889 hoc
2375 3834 2583 3889 dixisse

388 3920 635 3974 videtur:
674 3925 920 3977 ‘meminit
948 3923 1049 3977 hoc
1077 3922 1331 3977 Valerius
1348 3923 1645 3977 Martialis
1680 3924 1744 3976 in
1772 3923 2212 3992 epiyrammaton
2233 3923 2320 3977 his
2338 3923 2583 3978 versibus

270 4039 275 4044 ·
385 4012 459 4065 in
505 4009 614 4075 fine
650 4007 739 4061 vel
784 4011 849 4063 in
883 4011 1324 4079 epiyrammaton
1368 4009 1532 4077 [libro
1570 4001 1748 4078 quem]
1797 4010 1884 4063 his
1929 4009 2173 4063 versibus
2214 4009 2358 4075 finit.
2431 4007 2585 4062 Certe

386 4093 625 4148 solidum
661 4094 826 4163 epigr.
865 4096 963 4147 est.
1038 4094 1184 4159 Quae
1233 4094 1390 4148 modo
1438 4093 1557 4147 dixi
1593 4096 1866 4161 constant3
1903 4094 2134 4151 ulterius
2171 4110 2298 4149 vero
2335 4093 2583 4162 progredi

389 4179 480 4248 (cf.
519 4178 719 4233 Friedl.
755 4180 840 4234 ed.
877 4179 934 4233 H
967 4197 1052 4249 pg.
1091 4181 1215 4247 217)
1251 4180 1579 4234 indiciorum
1614 4181 1762 4234 vetat
1795 4181 2028 4235 exilitas
