<?xml version="1.0" encoding="UTF-8"?>
<!DOCTYPE html PUBLIC "-//W3C//DTD XHTML 1.0 Transitional//EN"
    "http://www.w3.org/TR/xhtml1/DTD/xhtml1-transitional.dtd">
<html xmlns="http://www.w3.org/1999/xhtml" xml:lang="en" lang="en">
 <head>
  <title>
</title>
<meta http-equiv="Content-Type" content="text/html;charset=utf-8" />
  <meta name='ocr-system' content='tesseract 3.04.00' />
  <meta name='ocr-capabilities' content='ocr_page ocr_carea ocr_par ocr_line ocrx_word'/>
</head>
<body>
  <div class='ocr_page' id='page_1' title='image "./demvaleriimarti00daugoog_0050.png"; bbox 0 0 3031 4640; ppageno 0'>
   <div class='ocr_carea' id='block_1_1' title="bbox 462 345 551 406">
    <p class='ocr_par' dir='ltr' id='par_1_1' title="bbox 462 345 551 406">
     <span class='ocr_line' id='line_1_1' title="bbox 462 345 551 406; baseline -0.056 1"><span class='ocrx_word' id='word_1_1' title='bbox 462 345 551 406; x_wconf 73' lang='lat'>46</span> 
     </span>
    </p>
   </div>
   <div class='ocr_carea' id='block_1_2' title="bbox 464 516 2666 3927">
    <p class='ocr_par' dir='ltr' id='par_1_2' title="bbox 464 516 2658 1119">
     <span class='ocr_line' id='line_1_2' title="bbox 467 516 2656 599; baseline -0 -19"><span class='ocrx_word' id='word_1_2' title='bbox 467 540 520 579; x_wconf 87' lang='lat' dir='ltr'>a.</span> <span class='ocrx_word' id='word_1_3' title='bbox 572 519 660 580; x_wconf 85' lang='lat'>94</span> <span class='ocrx_word' id='word_1_4' title='bbox 703 518 1141 599; x_wconf 87' lang='lat' dir='ltr'>conscriptum</span> <span class='ocrx_word' id='word_1_5' title='bbox 1201 537 1356 579; x_wconf 89' lang='lat' dir='ltr'>esse.</span> <span class='ocrx_word' id='word_1_6' title='bbox 1454 517 1761 599; x_wconf 83' lang='lat' dir='ltr'>Sequitur</span> <span class='ocrx_word' id='word_1_7' title='bbox 1816 518 1964 580; x_wconf 90' lang='lat' dir='ltr'>inde</span> <span class='ocrx_word' id='word_1_8' title='bbox 2025 538 2153 579; x_wconf 89' lang='lat' dir='ltr'>non</span> <span class='ocrx_word' id='word_1_9' title='bbox 2213 516 2423 580; x_wconf 88' lang='lat' dir='ltr'>minus</span> <span class='ocrx_word' id='word_1_10' title='bbox 2480 526 2656 580; x_wconf 89' lang='lat' dir='ltr'>certe</span> 
     </span>
     <span class='ocr_line' id='line_1_3' title="bbox 465 619 2658 702; baseline -0 -19"><span class='ocrx_word' id='word_1_11' title='bbox 465 630 676 691; x_wconf 83' lang='lat' dir='ltr'>totum</span> <span class='ocrx_word' id='word_1_12' title='bbox 723 620 1010 683; x_wconf 90' lang='lat' dir='ltr'>libellum</span> <span class='ocrx_word' id='word_1_13' title='bbox 1055 619 1212 682; x_wconf 91' lang='lat' dir='ltr'>XIII</span> <span class='ocrx_word' id='word_1_14' title='bbox 1258 632 1405 683; x_wconf 90' lang='lat' dir='ltr'>ante</span> <span class='ocrx_word' id='word_1_15' title='bbox 1451 622 1665 702; x_wconf 89' lang='lat' dir='ltr'>ipsum</span> <span class='ocrx_word' id='word_1_16' title='bbox 1711 622 1866 684; x_wconf 90' lang='lat' dir='ltr'>illud</span> <span class='ocrx_word' id='word_1_17' title='bbox 1914 642 2013 702; x_wconf 91' lang='lat' dir='ltr'>ep.</span> <span class='ocrx_word' id='word_1_18' title='bbox 2064 619 2160 683; x_wconf 90' lang='lat' dir='ltr'>IX</span> <span class='ocrx_word' id='word_1_19' title='bbox 2207 620 2290 684; x_wconf 91' lang='grc'>28</span> <span class='ocrx_word' id='word_1_20' title='bbox 2338 621 2375 682; x_wconf 91' lang='lat' dir='ltr'>i.</span> <span class='ocrx_word' id='word_1_21' title='bbox 2411 641 2463 682; x_wconf 92' lang='lat' dir='ltr'>e.</span> <span class='ocrx_word' id='word_1_22' title='bbox 2501 630 2658 682; x_wconf 88' lang='lat' dir='ltr'>ante</span> 
     </span>
     <span class='ocr_line' id='line_1_4' title="bbox 464 724 2656 806; baseline -0 -19"><span class='ocrx_word' id='word_1_23' title='bbox 464 734 812 788; x_wconf 84' lang='lat' dir='ltr'><strong>exeuntem</strong></span> <span class='ocrx_word' id='word_1_24' title='bbox 860 725 988 786; x_wconf 90' lang='lat' dir='ltr'>iam</span> <span class='ocrx_word' id='word_1_25' title='bbox 1035 745 1089 786; x_wconf 88' lang='lat' dir='ltr'>a.</span> <span class='ocrx_word' id='word_1_26' title='bbox 1126 724 1210 789; x_wconf 80' lang='lat'>94</span> <span class='ocrx_word' id='word_1_27' title='bbox 1256 724 1426 787; x_wconf 86' lang='lat' dir='ltr'>foras</span> <span class='ocrx_word' id='word_1_28' title='bbox 1473 726 1698 787; x_wconf 89' lang='lat' dir='ltr'>datum</span> <span class='ocrx_word' id='word_1_29' title='bbox 1738 725 1946 788; x_wconf 89' lang='lat' dir='ltr'>fuisse.</span> <span class='ocrx_word' id='word_1_30' title='bbox 2021 725 2209 797; x_wconf 63' lang='lat' dir='ltr'>Nam⁴</span> <span class='ocrx_word' id='word_1_31' title='bbox 2240 745 2340 806; x_wconf 88' lang='lat' dir='ltr'>ep.</span> <span class='ocrx_word' id='word_1_32' title='bbox 2378 724 2417 787; x_wconf 92' lang='grc'><strong>2</strong></span> <span class='ocrx_word' id='word_1_33' title='bbox 2450 744 2656 806; x_wconf 89' lang='lat' dir='ltr'>aeque</span> 
     </span>
     <span class='ocr_line' id='line_1_5' title="bbox 466 827 2657 910; baseline -0.002 -18"><span class='ocrx_word' id='word_1_34' title='bbox 466 850 544 892; x_wconf 90' lang='lat' dir='ltr'>ac</span> <span class='ocrx_word' id='word_1_35' title='bbox 603 830 883 910; x_wconf 89' lang='lat' dir='ltr'>primum</span> <span class='ocrx_word' id='word_1_36' title='bbox 943 830 1333 910; x_wconf 88' lang='lat' dir='ltr'>tertiumque</span> <span class='ocrx_word' id='word_1_37' title='bbox 1391 829 1682 891; x_wconf 84' lang='lat' dir='ltr'>distichis</span> <span class='ocrx_word' id='word_1_38' title='bbox 1744 828 1887 892; x_wconf 86' lang='lat' dir='ltr'>libri</span> <span class='ocrx_word' id='word_1_39' title='bbox 1948 827 2105 891; x_wconf 93' lang='lat' dir='ltr'>XIII</span> <span class='ocrx_word' id='word_1_40' title='bbox 2163 830 2292 891; x_wconf 90' lang='lat' dir='ltr'>iam</span> <span class='ocrx_word' id='word_1_41' title='bbox 2356 828 2657 890; x_wconf 89' lang='lat' dir='ltr'>omnibus</span> 
     </span>
     <span class='ocr_line' id='line_1_6' title="bbox 475 932 2652 1015; baseline -0.001 -19"><span class='ocrx_word' id='word_1_42' title='bbox 475 933 787 996; x_wconf 89' lang='lat' dir='ltr'>confectis</span> <span class='ocrx_word' id='word_1_43' title='bbox 851 941 917 995; x_wconf 89' lang='lat' dir='ltr'>et</span> <span class='ocrx_word' id='word_1_44' title='bbox 982 934 1068 996; x_wconf 90' lang='lat' dir='ltr'>ad</span> <span class='ocrx_word' id='word_1_45' title='bbox 1135 935 1463 997; x_wconf 88' lang='lat' dir='ltr'>edendum</span> <span class='ocrx_word' id='word_1_46' title='bbox 1532 934 1774 1015; x_wconf 88' lang='lat' dir='ltr'>paratis</span> <span class='ocrx_word' id='word_1_47' title='bbox 1842 934 2278 1015; x_wconf 90' lang='lat' dir='ltr'>compositum</span> <span class='ocrx_word' id='word_1_48' title='bbox 2358 932 2652 1013; x_wconf 87' lang='lat' dir='ltr'>libroque</span> 
     </span>
     <span class='ocr_line' id='line_1_7' title="bbox 475 1034 2204 1119; baseline 0 -21"><span class='ocrx_word' id='word_1_49' title='bbox 475 1034 921 1119; x_wconf 82' lang='lat' dir='ltr'>inaugurando</span> <span class='ocrx_word' id='word_1_50' title='bbox 967 1040 1390 1118; x_wconf 89' lang='lat' dir='ltr'>praemissum</span> <span class='ocrx_word' id='word_1_51' title='bbox 1438 1057 1578 1099; x_wconf 90' lang='lat' dir='ltr'>esse</span> <span class='ocrx_word' id='word_1_52' title='bbox 1625 1037 1767 1098; x_wconf 88' lang='lat' dir='ltr'>luce</span> <span class='ocrx_word' id='word_1_53' title='bbox 1814 1038 2045 1100; x_wconf 90' lang='lat' dir='ltr'>clarius</span> <span class='ocrx_word' id='word_1_54' title='bbox 2091 1048 2204 1100; x_wconf 88' lang='lat' dir='ltr'>est.</span> 
     </span>
    </p>

    <p class='ocr_par' dir='ltr' id='par_1_3' title="bbox 467 1141 2660 2262">
     <span class='ocr_line' id='line_1_8' title="bbox 645 1141 2654 1222; baseline 0 -20"><span class='ocrx_word' id='word_1_55' title='bbox 645 1141 782 1203; x_wconf 89' lang='lat' dir='ltr'>Iam</span> <span class='ocrx_word' id='word_1_56' title='bbox 819 1150 1016 1203; x_wconf 90' lang='lat' dir='ltr'>restat</span> <span class='ocrx_word' id='word_1_57' title='bbox 1047 1151 1135 1215; x_wconf 92' lang='lat' dir='ltr'>ut,</span> <span class='ocrx_word' id='word_1_58' title='bbox 1183 1141 1558 1222; x_wconf 83' lang='lat' dir='ltr'>priusquam</span> <span class='ocrx_word' id='word_1_59' title='bbox 1606 1142 2051 1204; x_wconf 86' lang='lat' dir='ltr'>conclusiones</span> <span class='ocrx_word' id='word_1_60' title='bbox 2098 1141 2408 1203; x_wconf 89' lang='lat' dir='ltr'>faciamus</span> <span class='ocrx_word' id='word_1_61' title='bbox 2455 1162 2540 1203; x_wconf 86' lang='lat' dir='ltr'>ex</span> <span class='ocrx_word' id='word_1_62' title='bbox 2578 1141 2654 1202; x_wconf 89' lang='lat' dir='ltr'>iis</span> 
     </span>
     <span class='ocr_line' id='line_1_9' title="bbox 475 1242 2655 1327; baseline -0 -21"><span class='ocrx_word' id='word_1_63' title='bbox 475 1264 640 1327; x_wconf 91' lang='lat' dir='ltr'>quae</span> <span class='ocrx_word' id='word_1_64' title='bbox 665 1245 968 1318; x_wconf 81' lang='lat' dir='ltr'>diximus,</span> <span class='ocrx_word' id='word_1_65' title='bbox 1016 1244 1159 1306; x_wconf 89' lang='lat' dir='ltr'>libri</span> <span class='ocrx_word' id='word_1_66' title='bbox 1185 1242 1349 1306; x_wconf 89' lang='lat' dir='ltr'>XIV</span> <span class='ocrx_word' id='word_1_67' title='bbox 1383 1244 1675 1306; x_wconf 87' lang='lat' dir='ltr'>distichis</span> <span class='ocrx_word' id='word_1_68' title='bbox 1721 1266 1986 1327; x_wconf 89' lang='lat' dir='ltr'>operam</span> <span class='ocrx_word' id='word_1_69' title='bbox 2035 1247 2262 1309; x_wconf 89' lang='lat' dir='ltr'>demus</span> <span class='ocrx_word' id='word_1_70' title='bbox 2308 1245 2655 1326; x_wconf 87' lang='lat' dir='ltr'>quaesituri</span> 
     </span>
     <span class='ocr_line' id='line_1_10' title="bbox 469 1347 2657 1432; baseline -0 -21"><span class='ocrx_word' id='word_1_71' title='bbox 469 1370 621 1412; x_wconf 90' lang='lat' dir='ltr'>num</span> <span class='ocrx_word' id='word_1_72' title='bbox 678 1349 915 1410; x_wconf 90' lang='lat' dir='ltr'>indicia</span> <span class='ocrx_word' id='word_1_73' title='bbox 960 1347 1201 1409; x_wconf 89' lang='lat' dir='ltr'>lateant</span> <span class='ocrx_word' id='word_1_74' title='bbox 1246 1349 1312 1410; x_wconf 89' lang='lat' dir='ltr'>in</span> <span class='ocrx_word' id='word_1_75' title='bbox 1363 1348 1947 1430; x_wconf 87' lang='lat' dir='ltr'>Apophoretorum</span> <span class='ocrx_word' id='word_1_76' title='bbox 2003 1349 2168 1412; x_wconf 91' lang='lat' dir='ltr'>libro</span> <span class='ocrx_word' id='word_1_77' title='bbox 2229 1351 2464 1432; x_wconf 89' lang='lat' dir='ltr'>quibus</span> <span class='ocrx_word' id='word_1_78' title='bbox 2520 1351 2657 1411; x_wconf 86' lang='lat' dir='ltr'>nixi</span> 
     </span>
     <span class='ocr_line' id='line_1_11' title="bbox 467 1449 2658 1536; baseline -0 -21"><span class='ocrx_word' id='word_1_79' title='bbox 467 1475 601 1535; x_wconf 90' lang='lat' dir='ltr'>quo</span> <span class='ocrx_word' id='word_1_80' title='bbox 646 1463 942 1533; x_wconf 89' lang='lat' dir='ltr'>tempore</span> <span class='ocrx_word' id='word_1_81' title='bbox 986 1449 1089 1512; x_wconf 92' lang='lat' dir='ltr'>vel</span> <span class='ocrx_word' id='word_1_82' title='bbox 1133 1452 1387 1532; x_wconf 86' lang='lat' dir='ltr'>singula</span> <span class='ocrx_word' id='word_1_83' title='bbox 1442 1453 1645 1533; x_wconf 87' lang='lat' dir='ltr'>epigr.</span> <span class='ocrx_word' id='word_1_84' title='bbox 1710 1454 2075 1536; x_wconf 89' lang='lat' dir='ltr'>composita</span> <span class='ocrx_word' id='word_1_85' title='bbox 2134 1455 2266 1516; x_wconf 73' lang='lat' dir='ltr'>sint·</span> <span class='ocrx_word' id='word_1_86' title='bbox 2319 1454 2422 1516; x_wconf 89' lang='lat' dir='ltr'>vel</span> <span class='ocrx_word' id='word_1_87' title='bbox 2483 1463 2658 1516; x_wconf 87' lang='lat' dir='ltr'>totus</span> 
     </span>
     <span class='ocr_line' id='line_1_12' title="bbox 472 1541 2660 1638; baseline 0.002 -19"><span class='ocrx_word' id='word_1_88' title='bbox 472 1557 635 1619; x_wconf 91' lang='lat' dir='ltr'>liber</span> <span class='ocrx_word' id='word_1_89' title='bbox 701 1556 765 1617; x_wconf 91' lang='lat' dir='ltr'>in</span> <span class='ocrx_word' id='word_1_90' title='bbox 833 1555 1165 1636; x_wconf 90' lang='lat' dir='ltr'>publicum</span> <span class='ocrx_word' id='word_1_91' title='bbox 1232 1555 1316 1618; x_wconf 89' lang='lat' dir='ltr'>sit</span> <span class='ocrx_word' id='word_1_92' title='bbox 1385 1541 1577 1618; x_wconf 86' lang='lat' dir='ltr'>datus</span> <span class='ocrx_word' id='word_1_93' title='bbox 1647 1558 1969 1620; x_wconf 87' lang='lat' dir='ltr'>deducere</span> <span class='ocrx_word' id='word_1_94' title='bbox 2036 1558 2378 1638; x_wconf 87' lang='lat' dir='ltr'>possimus.</span> <span class='ocrx_word' id='word_1_95' title='bbox 2493 1556 2660 1624; x_wconf 84' lang='lat' dir='ltr'>Sunt</span> 
     </span>
     <span class='ocr_line' id='line_1_13' title="bbox 473 1658 2658 1746; baseline -0.002 -20"><span class='ocrx_word' id='word_1_96' title='bbox 473 1661 690 1727; x_wconf 91' lang='lat' dir='ltr'>omnia</span> <span class='ocrx_word' id='word_1_97' title='bbox 757 1680 922 1741; x_wconf 87' lang='lat' dir='ltr'>quae</span> <span class='ocrx_word' id='word_1_98' title='bbox 990 1658 1117 1720; x_wconf 88' lang='lat' dir='ltr'>huc</span> <span class='ocrx_word' id='word_1_99' title='bbox 1177 1660 1391 1722; x_wconf 87' lang='lat' dir='ltr'>attulit</span> <span class='ocrx_word' id='word_1_100' title='bbox 1448 1660 1688 1746; x_wconf 78' lang='lat' dir='ltr'>Friedl.</span> <span class='ocrx_word' id='word_1_101' title='bbox 1749 1661 1891 1722; x_wconf 91' lang='lat' dir='ltr'>libri</span> <span class='ocrx_word' id='word_1_102' title='bbox 1938 1659 2103 1722; x_wconf 92' lang='lat' dir='ltr'>XIV</span> <span class='ocrx_word' id='word_1_103' title='bbox 2164 1661 2440 1725; x_wconf 86' lang='lat' dir='ltr'>disticha</span> <span class='ocrx_word' id='word_1_104' title='bbox 2496 1660 2658 1722; x_wconf 89' lang='lat' dir='ltr'>haec</span> 
     </span>
     <span class='ocr_line' id='line_1_14' title="bbox 474 1762 2658 1851; baseline -0 -24"><span class='ocrx_word' id='word_1_105' title='bbox 474 1766 786 1846; x_wconf 88' lang='lat' dir='ltr'>quinque:</span> <span class='ocrx_word' id='word_1_106' title='bbox 835 1762 939 1837; x_wconf 86' lang='lat'>34,</span> <span class='ocrx_word' id='word_1_107' title='bbox 987 1762 1090 1837; x_wconf 81' lang='lat'>53,</span> <span class='ocrx_word' id='word_1_108' title='bbox 1145 1762 1287 1838; x_wconf 88' lang='lat'>107,</span> <span class='ocrx_word' id='word_1_109' title='bbox 1341 1763 1484 1838; x_wconf 91' lang='grc'><strong>181,</strong></span> <span class='ocrx_word' id='word_1_110' title='bbox 1540 1764 1699 1843; x_wconf 69' lang='grc' dir='ltr'><strong>182ς</strong></span> <span class='ocrx_word' id='word_1_111' title='bbox 1746 1765 1861 1827; x_wconf 92' lang='lat' dir='ltr'>sed</span> <span class='ocrx_word' id='word_1_112' title='bbox 1908 1764 2082 1851; x_wconf 84' lang='lat' dir='ltr'>haud</span> <span class='ocrx_word' id='word_1_113' title='bbox 2130 1765 2267 1827; x_wconf 91' lang='lat' dir='ltr'>scio</span> <span class='ocrx_word' id='word_1_114' title='bbox 2325 1786 2408 1827; x_wconf 91' lang='lat' dir='ltr'>an</span> <span class='ocrx_word' id='word_1_115' title='bbox 2460 1765 2658 1827; x_wconf 88' lang='lat' dir='ltr'>lateat</span> 
     </span>
     <span class='ocr_line' id='line_1_15' title="bbox 469 1867 2660 1950; baseline -0 -19"><span class='ocrx_word' id='word_1_116' title='bbox 469 1869 782 1949; x_wconf 89' lang='lat' dir='ltr'>temporis</span> <span class='ocrx_word' id='word_1_117' title='bbox 828 1868 1135 1929; x_wconf 90' lang='lat' dir='ltr'>indicium</span> <span class='ocrx_word' id='word_1_118' title='bbox 1183 1867 1247 1928; x_wconf 92' lang='lat' dir='ltr'>in</span> <span class='ocrx_word' id='word_1_119' title='bbox 1279 1868 1572 1930; x_wconf 88' lang='lat' dir='ltr'>distichis</span> <span class='ocrx_word' id='word_1_120' title='bbox 1603 1888 1860 1950; x_wconf 88' lang='lat' dir='ltr'>quoque</span> <span class='ocrx_word' id='word_1_121' title='bbox 1895 1868 1997 1944; x_wconf 89' lang='grc'>26,</span> <span class='ocrx_word' id='word_1_122' title='bbox 2033 1870 2138 1943; x_wconf 87' lang='grc'>60,</span> <span class='ocrx_word' id='word_1_123' title='bbox 2175 1868 2276 1943; x_wconf 85' lang='grc'>73,</span> <span class='ocrx_word' id='word_1_124' title='bbox 2315 1868 2457 1943; x_wconf 88' lang='grc'><strong>170,</strong></span> <span class='ocrx_word' id='word_1_125' title='bbox 2499 1869 2660 1948; x_wconf 76' lang='lat'>1793</span> 
     </span>
     <span class='ocr_line' id='line_1_16' title="bbox 468 1972 2655 2059; baseline -0.001 -24"><span class='ocrx_word' id='word_1_126' title='bbox 468 1993 635 2055; x_wconf 90' lang='lat' dir='ltr'>quae</span> <span class='ocrx_word' id='word_1_127' title='bbox 681 1981 1022 2053; x_wconf 88' lang='lat' dir='ltr'>supersunt</span> <span class='ocrx_word' id='word_1_128' title='bbox 1066 1992 1167 2059; x_wconf 89' lang='lat' dir='ltr'>ep.</span> <span class='ocrx_word' id='word_1_129' title='bbox 1203 1972 1332 2035; x_wconf 85' lang='grc'>213</span> <span class='ocrx_word' id='word_1_130' title='bbox 1379 1993 1458 2034; x_wconf 90' lang='lat' dir='ltr'>ne</span> <span class='ocrx_word' id='word_1_131' title='bbox 1505 1973 1841 2034; x_wconf 89' lang='lat' dir='ltr'>minimum</span> <span class='ocrx_word' id='word_1_132' title='bbox 1889 1973 2154 2054; x_wconf 89' lang='lat' dir='ltr'>quidem</span> <span class='ocrx_word' id='word_1_133' title='bbox 2187 1973 2315 2035; x_wconf 86' lang='lat' dir='ltr'>tale</span> <span class='ocrx_word' id='word_1_134' title='bbox 2347 1973 2655 2035; x_wconf 89' lang='lat' dir='ltr'>indicium</span> 
     </span>
     <span class='ocr_line' id='line_1_17' title="bbox 474 2075 2660 2157; baseline -0.001 -19"><span class='ocrx_word' id='word_1_135' title='bbox 474 2076 821 2139; x_wconf 87' lang='lat' dir='ltr'>continent.</span> <span class='ocrx_word' id='word_1_136' title='bbox 893 2075 990 2137; x_wconf 86' lang='lat' dir='ltr'>At</span> <span class='ocrx_word' id='word_1_137' title='bbox 1035 2076 1165 2137; x_wconf 90' lang='lat' dir='ltr'>iam</span> <span class='ocrx_word' id='word_1_138' title='bbox 1204 2076 1606 2141; x_wconf 86' lang='lat' dir='ltr'>sciscitemur</span> <span class='ocrx_word' id='word_1_139' title='bbox 1628 2095 1870 2157; x_wconf 86' lang='lat' dir='ltr'>quaeso</span> <span class='ocrx_word' id='word_1_140' title='bbox 1894 2085 2212 2157; x_wconf 88' lang='lat' dir='ltr'>quatenus</span> <span class='ocrx_word' id='word_1_141' title='bbox 2249 2077 2503 2140; x_wconf 89' lang='lat' dir='ltr'>indiciis</span> <span class='ocrx_word' id='word_1_142' title='bbox 2537 2076 2660 2137; x_wconf 88' lang='lat' dir='ltr'>illis</span> 
     </span>
     <span class='ocr_line' id='line_1_18' title="bbox 477 2179 2568 2262; baseline -0.001 -20"><span class='ocrx_word' id='word_1_143' title='bbox 477 2180 806 2242; x_wconf 88' lang='lat' dir='ltr'>utentibus</span> <span class='ocrx_word' id='word_1_144' title='bbox 852 2179 1039 2241; x_wconf 90' lang='lat' dir='ltr'>nobis</span> <span class='ocrx_word' id='word_1_145' title='bbox 1085 2181 1149 2241; x_wconf 92' lang='lat' dir='ltr'>in</span> <span class='ocrx_word' id='word_1_146' title='bbox 1195 2180 1575 2242; x_wconf 87' lang='lat' dir='ltr'>definiendis</span> <span class='ocrx_word' id='word_1_147' title='bbox 1620 2180 2023 2262; x_wconf 86' lang='lat' dir='ltr'>temporibus</span> <span class='ocrx_word' id='word_1_148' title='bbox 2052 2182 2314 2262; x_wconf 88' lang='lat' dir='ltr'>prodire</span> <span class='ocrx_word' id='word_1_149' title='bbox 2360 2180 2568 2243; x_wconf 88' lang='lat' dir='ltr'>liceat.</span> 
     </span>
    </p>

    <p class='ocr_par' dir='ltr' id='par_1_4' title="bbox 471 2281 2661 2886">
     <span class='ocr_line' id='line_1_19' title="bbox 652 2281 2660 2367; baseline -0 -20"><span class='ocrx_word' id='word_1_150' title='bbox 652 2281 816 2347; x_wconf 91' lang='lat' dir='ltr'>XIV</span> <span class='ocrx_word' id='word_1_151' title='bbox 867 2283 993 2347; x_wconf 91' lang='grc'>170</span> <span class='ocrx_word' id='word_1_152' title='bbox 1053 2303 1182 2347; x_wconf 90' lang='lat' dir='ltr'>non</span> <span class='ocrx_word' id='word_1_153' title='bbox 1238 2284 1448 2347; x_wconf 86' lang='lat' dir='ltr'>minus</span> <span class='ocrx_word' id='word_1_154' title='bbox 1506 2304 1704 2366; x_wconf 90' lang='lat' dir='ltr'>quam</span> <span class='ocrx_word' id='word_1_155' title='bbox 1761 2281 1919 2347; x_wconf 93' lang='lat' dir='ltr'>XIII</span> <span class='ocrx_word' id='word_1_156' title='bbox 1965 2283 2008 2347; x_wconf 89' lang='lat'>4</span> <span class='ocrx_word' id='word_1_157' title='bbox 2066 2285 2506 2367; x_wconf 88' lang='lat' dir='ltr'>conscriptum</span> <span class='ocrx_word' id='word_1_158' title='bbox 2561 2292 2660 2346; x_wconf 89' lang='lat' dir='ltr'>est</span> 
     </span>
     <span class='ocr_line' id='line_1_20' title="bbox 471 2388 2660 2470; baseline -0.001 -19"><span class='ocrx_word' id='word_1_159' title='bbox 471 2389 645 2451; x_wconf 92' lang='lat' dir='ltr'>bello</span> <span class='ocrx_word' id='word_1_160' title='bbox 693 2388 997 2451; x_wconf 88' lang='lat' dir='ltr'>Chattico</span> <span class='ocrx_word' id='word_1_161' title='bbox 1042 2409 1303 2470; x_wconf 89' lang='lat' dir='ltr'>prorsus</span> <span class='ocrx_word' id='word_1_162' title='bbox 1347 2388 1646 2452; x_wconf 85' lang='lat' dir='ltr'>confecto</span> <span class='ocrx_word' id='word_1_163' title='bbox 1691 2408 1840 2450; x_wconf 91' lang='lat' dir='ltr'>cum</span> <span class='ocrx_word' id='word_1_164' title='bbox 1888 2390 2016 2451; x_wconf 90' lang='lat' dir='ltr'>iam</span> <span class='ocrx_word' id='word_1_165' title='bbox 2066 2390 2260 2453; x_wconf 91' lang='lat' dir='ltr'>Dom.</span> <span class='ocrx_word' id='word_1_166' title='bbox 2291 2388 2660 2470; x_wconf 81' lang='lat' dir='ltr'>Germanici</span> 
     </span>
     <span class='ocr_line' id='line_1_21' title="bbox 478 2492 2659 2576; baseline 0.001 -22"><span class='ocrx_word' id='word_1_167' title='bbox 478 2494 598 2555; x_wconf 83' lang='lat' dir='ltr'>sib&#39;i</span> <span class='ocrx_word' id='word_1_168' title='bbox 645 2512 1013 2574; x_wconf 86' lang='lat' dir='ltr'>cognomen</span> <span class='ocrx_word' id='word_1_169' title='bbox 1059 2494 1396 2576; x_wconf 76' lang='lat' dir='ltr'>indidisset</span> <span class='ocrx_word' id='word_1_170' title='bbox 1425 2495 1603 2574; x_wconf 85' lang='lat' dir='ltr'>quo&#39;d</span> <span class='ocrx_word' id='word_1_171' title='bbox 1628 2494 1994 2556; x_wconf 87' lang='lat' dir='ltr'>Martialem</span> <span class='ocrx_word' id='word_1_172' title='bbox 2028 2495 2178 2556; x_wconf 91' lang='lat' dir='ltr'>inde</span> <span class='ocrx_word' id='word_1_173' title='bbox 2209 2515 2247 2555; x_wconf 93' lang='lat' dir='ltr'>a</span> <span class='ocrx_word' id='word_1_174' title='bbox 2279 2492 2444 2555; x_wconf 89' lang='lat' dir='ltr'>libro</span> <span class='ocrx_word' id='word_1_175' title='bbox 2467 2493 2533 2554; x_wconf 95' lang='lat' dir='ltr'>V</span> <span class='ocrx_word' id='word_1_176' title='bbox 2567 2494 2659 2572; x_wconf 82' lang='lat'>(2)</span> 
     </span>
     <span class='ocr_line' id='line_1_22' title="bbox 472 2596 2661 2680; baseline -0.001 -21"><span class='ocrx_word' id='word_1_177' title='bbox 472 2598 730 2680; x_wconf 89' lang='lat' dir='ltr'>saepius</span> <span class='ocrx_word' id='word_1_178' title='bbox 799 2613 1140 2677; x_wconf 86' lang='lat' dir='ltr'>usurpasse</span> <span class='ocrx_word' id='word_1_179' title='bbox 1198 2597 1508 2660; x_wconf 71' lang='lat' dir='ltr'>videmus</span> <span class='ocrx_word' id='word_1_180' title='bbox 1617 2596 1835 2678; x_wconf 80' lang='lat' dir='ltr'>Quare</span> <span class='ocrx_word' id='word_1_181' title='bbox 1897 2599 2042 2661; x_wconf 90' lang='lat' dir='ltr'>dist.</span> <span class='ocrx_word' id='word_1_182' title='bbox 2108 2596 2233 2661; x_wconf 82' lang='lat'>170</span> <span class='ocrx_word' id='word_1_183' title='bbox 2294 2607 2507 2660; x_wconf 90' lang='lat' dir='ltr'>ortum</span> <span class='ocrx_word' id='word_1_184' title='bbox 2559 2606 2661 2658; x_wconf 89' lang='lat' dir='ltr'>est</span> 
     </span>
     <span class='ocr_line' id='line_1_23' title="bbox 477 2700 2658 2782; baseline -0.001 -18"><span class='ocrx_word' id='word_1_185' title='bbox 477 2722 605 2764; x_wconf 89' lang='lat' dir='ltr'>non</span> <span class='ocrx_word' id='word_1_186' title='bbox 681 2711 831 2765; x_wconf 89' lang='lat' dir='ltr'>ante</span> <span class='ocrx_word' id='word_1_187' title='bbox 898 2722 952 2762; x_wconf 88' lang='lat' dir='ltr'>a.</span> <span class='ocrx_word' id='word_1_188' title='bbox 1024 2700 1127 2763; x_wconf 83' lang='lat'>84.</span> <span class='ocrx_word' id='word_1_189' title='bbox 1242 2701 1702 2782; x_wconf 83' lang='lat' dir='ltr'>Expeditionis</span> <span class='ocrx_word' id='word_1_190' title='bbox 1786 2702 1951 2764; x_wconf 87' lang='lat' dir='ltr'>illius</span> <span class='ocrx_word' id='word_1_191' title='bbox 2013 2701 2373 2765; x_wconf 79' lang='lat' dir='ltr'>&#39;Chatticae</span> <span class='ocrx_word' id='word_1_192' title='bbox 2450 2720 2658 2781; x_wconf 90' lang='lat' dir='ltr'>aeque</span> 
     </span>
     <span class='ocr_line' id='line_1_24' title="bbox 475 2805 1149 2886; baseline 0 -18"><span class='ocrx_word' id='word_1_193' title='bbox 475 2806 719 2870; x_wconf 90' lang='lat' dir='ltr'>mentio</span> <span class='ocrx_word' id='word_1_194' title='bbox 765 2805 838 2868; x_wconf 86' lang='lat' dir='ltr'>fit</span> <span class='ocrx_word' id='word_1_195' title='bbox 883 2825 983 2886; x_wconf 90' lang='lat' dir='ltr'>ep.</span> <span class='ocrx_word' id='word_1_196' title='bbox 1033 2805 1149 2868; x_wconf 70' lang='lat'>26:</span> 
     </span>
    </p>

    <p class='ocr_par' dir='ltr' id='par_1_5' title="bbox 696 2908 2438 3094">
     <span class='ocr_line' id='line_1_25' title="bbox 696 2908 2438 2993; baseline -0.001 -22"><span class='ocrx_word' id='word_1_197' title='bbox 696 2908 984 2972; x_wconf 76' lang='lat' dir='ltr'>Chattica</span> <span class='ocrx_word' id='word_1_198' title='bbox 1000 2908 1080 2993; x_wconf 72' lang='lat'>²⁸)</span> <span class='ocrx_word' id='word_1_199' title='bbox 1137 2909 1494 2972; x_wconf 75' lang='lat' dir='ltr'>Teutonicos</span> <span class='ocrx_word' id='word_1_200' title='bbox 1540 2910 1824 2971; x_wconf 78' lang='lat' dir='ltr'>accendit</span> <span class='ocrx_word' id='word_1_201' title='bbox 1864 2921 2096 2989; x_wconf 78' lang='lat' dir='ltr'>spuma</span> <span class='ocrx_word' id='word_1_202' title='bbox 2142 2910 2438 2990; x_wconf 82' lang='lat' dir='ltr'>capillos:</span> 
     </span>
     <span class='ocr_line' id='line_1_26' title="bbox 798 3011 2072 3094; baseline 0.001 -20"><span class='ocrx_word' id='word_1_203' title='bbox 798 3011 1083 3094; x_wconf 51' lang='lat' dir='ltr'>Captiva&amp;</span> <span class='ocrx_word' id='word_1_204' title='bbox 1115 3015 1363 3094; x_wconf 79' lang='lat' dir='ltr'>poteris</span> <span class='ocrx_word' id='word_1_205' title='bbox 1408 3014 1637 3076; x_wconf 77' lang='lat' dir='ltr'>cultior</span> <span class='ocrx_word' id='word_1_206' title='bbox 1682 3036 1820 3075; x_wconf 81' lang='lat' dir='ltr'>esse</span> <span class='ocrx_word' id='word_1_207' title='bbox 1864 3015 2072 3076; x_wconf 81' lang='lat' dir='ltr'>comis.</span> 
     </span>
    </p>

    <p class='ocr_par' dir='ltr' id='par_1_6' title="bbox 474 3116 2666 3927">
     <span class='ocr_line' id='line_1_27' title="bbox 657 3116 2663 3199; baseline 0.001 -21"><span class='ocrx_word' id='word_1_208' title='bbox 657 3117 1004 3179; x_wconf 88' lang='lat' dir='ltr'>Distichon</span> <span class='ocrx_word' id='word_1_209' title='bbox 1050 3116 1135 3180; x_wconf 89' lang='lat'>34</span> <span class='ocrx_word' id='word_1_210' title='bbox 1181 3117 1285 3196; x_wconf 89' lang='lat' dir='ltr'>(cf.</span> <span class='ocrx_word' id='word_1_211' title='bbox 1320 3138 1429 3198; x_wconf 86' lang='lat' dir='ltr'>pg.</span> <span class='ocrx_word' id='word_1_212' title='bbox 1466 3116 1597 3197; x_wconf 78' lang='lat'>42),</span> <span class='ocrx_word' id='word_1_213' title='bbox 1648 3139 1780 3199; x_wconf 88' lang='lat' dir='ltr'>quo</span> <span class='ocrx_word' id='word_1_214' title='bbox 1812 3117 2050 3180; x_wconf 91' lang='lat' dir='ltr'>Friedl.</span> <span class='ocrx_word' id='word_1_215' title='bbox 2087 3139 2142 3179; x_wconf 93' lang='lat' dir='ltr'>a.</span> <span class='ocrx_word' id='word_1_216' title='bbox 2174 3117 2343 3181; x_wconf 86' lang='grc'><strong>1862</strong></span> <span class='ocrx_word' id='word_1_217' title='bbox 2374 3117 2663 3181; x_wconf 87' lang='lat' dir='ltr'>allusisse</span> 
     </span>
     <span class='ocr_line' id='line_1_28' title="bbox 478 3220 2663 3314; baseline 0.002 -32"><span class='ocrx_word' id='word_1_218' title='bbox 478 3230 743 3301; x_wconf 90' lang='lat' dir='ltr'>poetam</span> <span class='ocrx_word' id='word_1_219' title='bbox 812 3222 895 3283; x_wconf 90' lang='lat' dir='ltr'>ad</span> <span class='ocrx_word' id='word_1_220' title='bbox 963 3242 1195 3303; x_wconf 89' lang='lat' dir='ltr'>pacem</span> <span class='ocrx_word' id='word_1_221' title='bbox 1262 3220 1561 3283; x_wconf 87' lang='lat' dir='ltr'>confecto</span> <span class='ocrx_word' id='word_1_222' title='bbox 1641 3221 1814 3284; x_wconf 91' lang='lat' dir='ltr'>bello</span> <span class='ocrx_word' id='word_1_223' title='bbox 1884 3221 2135 3283; x_wconf 89' lang='lat' dir='ltr'>Dacico</span> <span class='ocrx_word' id='word_1_224' title='bbox 2214 3233 2663 3314; x_wconf 70' lang='lat' dir='ltr'>comparatam</span> 
     </span>
     <span class='ocr_line' id='line_1_29' title="bbox 480 3324 2666 3408; baseline 0.002 -22"><span class='ocrx_word' id='word_1_225' title='bbox 480 3333 757 3405; x_wconf 89' lang='lat' dir='ltr'>putarat,</span> <span class='ocrx_word' id='word_1_226' title='bbox 808 3325 871 3386; x_wconf 90' lang='lat' dir='ltr'>in</span> <span class='ocrx_word' id='word_1_227' title='bbox 919 3345 1076 3387; x_wconf 89' lang='lat' dir='ltr'>mor.</span> <span class='ocrx_word' id='word_1_228' title='bbox 1125 3334 1343 3388; x_wconf 86' lang='lat' dir='ltr'>autem</span> <span class='ocrx_word' id='word_1_229' title='bbox 1389 3325 1534 3387; x_wconf 90' lang='lat' dir='ltr'>hist.</span> <span class='ocrx_word' id='word_1_230' title='bbox 1584 3324 1717 3386; x_wconf 72' lang='lat' dir='ltr'>III5</span> <span class='ocrx_word' id='word_1_231' title='bbox 1762 3345 1871 3406; x_wconf 86' lang='lat' dir='ltr'>pg.</span> <span class='ocrx_word' id='word_1_232' title='bbox 1906 3326 2033 3390; x_wconf 89' lang='grc'>427</span> <span class='ocrx_word' id='word_1_233' title='bbox 2083 3325 2181 3406; x_wconf 89' lang='lat' dir='ltr'>(cf.</span> <span class='ocrx_word' id='word_1_234' title='bbox 2218 3327 2318 3388; x_wconf 89' lang='lat' dir='ltr'>ed.</span> <span class='ocrx_word' id='word_1_235' title='bbox 2356 3326 2523 3408; x_wconf 87' lang='lat' dir='ltr'>ng.</span> <span class='ocrx_word' id='word_1_236' title='bbox 2560 3328 2666 3404; x_wconf 82' lang='lat'>51)</span> 
     </span>
     <span class='ocr_line' id='line_1_30' title="bbox 474 3428 2661 3510; baseline 0.002 -21"><span class='ocrx_word' id='word_1_237' title='bbox 474 3447 705 3508; x_wconf 88' lang='lat' dir='ltr'>pacem</span> <span class='ocrx_word' id='word_1_238' title='bbox 806 3428 1023 3509; x_wconf 88' lang='lat' dir='ltr'>potius</span> <span class='ocrx_word' id='word_1_239' title='bbox 1111 3438 1261 3509; x_wconf 90' lang='lat' dir='ltr'>post</span> <span class='ocrx_word' id='word_1_240' title='bbox 1364 3429 1857 3510; x_wconf 87' lang='lat' dir='ltr'>expeditionem</span> <span class='ocrx_word' id='word_1_241' title='bbox 1947 3428 2316 3492; x_wconf 89' lang='lat' dir='ltr'>Chatticam</span> <span class='ocrx_word' id='word_1_242' title='bbox 2422 3429 2661 3493; x_wconf 85' lang='lat' dir='ltr'>factam</span> 
     </span>
     <span class='ocr_line' id='line_1_31' title="bbox 478 3515 2664 3616; baseline 0.003 -25"><span class='ocrx_word' id='word_1_243' title='bbox 478 3531 979 3613; x_wconf 88' lang='lat' dir='ltr'>intellegendam</span> <span class='ocrx_word' id='word_1_244' title='bbox 1024 3552 1164 3594; x_wconf 89' lang='lat' dir='ltr'>esse</span> <span class='ocrx_word' id='word_1_245' title='bbox 1224 3542 1580 3607; x_wconf 88' lang='lat' dir='ltr'>censuerat,</span> <span class='ocrx_word' id='word_1_246' title='bbox 1644 3533 1948 3615; x_wconf 89' lang='lat' dir='ltr'>equidem</span> <span class='ocrx_word' id='word_1_247' title='bbox 2009 3553 2218 3614; x_wconf 91' lang='lat' dir='ltr'>neque</span> <span class='ocrx_word' id='word_1_248' title='bbox 2261 3515 2363 3596; x_wconf 26' lang='lat' dir='ltr'>&#39;ad</span> <span class='ocrx_word' id='word_1_249' title='bbox 2434 3555 2664 3616; x_wconf 89' lang='lat' dir='ltr'>pacem</span> 
     </span>
     <span class='ocr_line' id='line_1_32' title="bbox 481 3634 2665 3718; baseline 0.002 -21"><span class='ocrx_word' id='word_1_250' title='bbox 481 3634 850 3698; x_wconf 90' lang='lat' dir='ltr'>Chatticam</span> <span class='ocrx_word' id='word_1_251' title='bbox 906 3656 1113 3718; x_wconf 87' lang='lat' dir='ltr'>neque</span> <span class='ocrx_word' id='word_1_252' title='bbox 1170 3638 1254 3699; x_wconf 86' lang='lat' dir='ltr'>ad</span> <span class='ocrx_word' id='word_1_253' title='bbox 1302 3636 1622 3699; x_wconf 89' lang='lat' dir='ltr'>Dacicam</span> <span class='ocrx_word' id='word_1_254' title='bbox 1678 3639 1794 3700; x_wconf 90' lang='lat' dir='ltr'>sed</span> <span class='ocrx_word' id='word_1_255' title='bbox 1856 3657 1892 3699; x_wconf 94' lang='lat' dir='ltr'>e</span> <span class='ocrx_word' id='word_1_256' title='bbox 1948 3638 2269 3699; x_wconf 86' lang='lat' dir='ltr'>contrario</span> <span class='ocrx_word' id='word_1_257' title='bbox 2329 3638 2414 3702; x_wconf 93' lang='lat' dir='ltr'>ad</span> <span class='ocrx_word' id='word_1_258' title='bbox 2472 3659 2665 3701; x_wconf 89' lang='lat' dir='ltr'>unam</span> 
     </span>
     <span class='ocr_line' id='line_1_33' title="bbox 487 3737 2664 3804; baseline 0.001 -3"><span class='ocrx_word' id='word_1_259' title='bbox 487 3737 917 3802; x_wconf 86' lang='lat' dir='ltr'>Sarmaticam</span> <span class='ocrx_word' id='word_1_260' title='bbox 964 3739 1365 3803; x_wconf 87' lang='lat' dir='ltr'>referendum</span> <span class='ocrx_word' id='word_1_261' title='bbox 1413 3761 1552 3803; x_wconf 87' lang='lat' dir='ltr'>esse</span> <span class='ocrx_word' id='word_1_262' title='bbox 1598 3741 1941 3804; x_wconf 88' lang='lat' dir='ltr'>contendo.</span> <span class='ocrx_word' id='word_1_263' title='bbox 2013 3740 2183 3803; x_wconf 90' lang='lat' dir='ltr'>Nam</span> <span class='ocrx_word' id='word_1_264' title='bbox 2232 3739 2355 3803; x_wconf 91' lang='lat' dir='ltr'>illis</span> <span class='ocrx_word' id='word_1_265' title='bbox 2401 3742 2664 3803; x_wconf 90' lang='lat' dir='ltr'>demum</span> 
     </span>
     <span class='ocr_line' id='line_1_34' title="bbox 479 3843 2666 3927; baseline 0.001 -23"><span class='ocrx_word' id='word_1_266' title='bbox 479 3843 882 3924; x_wconf 87' lang='lat' dir='ltr'>temporibus</span> <span class='ocrx_word' id='word_1_267' title='bbox 906 3864 1117 3907; x_wconf 89' lang='lat' dir='ltr'>rerum</span> <span class='ocrx_word' id='word_1_268' title='bbox 1141 3853 1346 3907; x_wconf 89' lang='lat' dir='ltr'>status</span> <span class='ocrx_word' id='word_1_269' title='bbox 1370 3845 1800 3927; x_wconf 88' lang='lat' dir='ltr'>condicioque</span> <span class='ocrx_word' id='word_1_270' title='bbox 1829 3864 2013 3926; x_wconf 89' lang='lat' dir='ltr'>spem</span> <span class='ocrx_word' id='word_1_271' title='bbox 2046 3844 2334 3907; x_wconf 86' lang='lat' dir='ltr'>excitare</span> <span class='ocrx_word' id='word_1_272' title='bbox 2365 3854 2666 3927; x_wconf 88' lang='lat' dir='ltr'>poterant</span> 
     </span>
    </p>
   </div>
   <div class='ocr_carea' id='block_1_3' title="bbox 483 4081 2670 4237">
    <p class='ocr_par' dir='ltr' id='par_1_7' title="bbox 483 4081 2670 4237">
     <span class='ocr_line' id='line_1_35' title="bbox 657 4081 2670 4162; baseline 0.002 -27"><span class='ocrx_word' id='word_1_273' title='bbox 657 4081 723 4148; x_wconf 65' lang='lat'>²²⁸)</span> <span class='ocrx_word' id='word_1_274' title='bbox 762 4081 934 4162; x_wconf 79' lang='lat' dir='ltr'>Quam</span> <span class='ocrx_word' id='word_1_275' title='bbox 969 4084 1290 4150; x_wconf 74' lang='lat' dir='ltr'>scripturam</span> <span class='ocrx_word' id='word_1_276' title='bbox 1326 4085 1599 4139; x_wconf 82' lang='lat' dir='ltr'>Gilbertus</span> <span class='ocrx_word' id='word_1_277' title='bbox 1635 4089 1691 4139; x_wconf 80' lang='lat' dir='ltr'>et</span> <span class='ocrx_word' id='word_1_278' title='bbox 1724 4083 1919 4138; x_wconf 67' lang='lat' dir='ltr'>Friedl.</span> <span class='ocrx_word' id='word_1_279' title='bbox 1957 4083 2121 4138; x_wconf 84' lang='lat' dir='ltr'>libros</span> <span class='ocrx_word' id='word_1_280' title='bbox 2158 4085 2332 4138; x_wconf 81' lang='lat' dir='ltr'>secuti</span> <span class='ocrx_word' id='word_1_281' title='bbox 2368 4083 2670 4139; x_wconf 77' lang='lat' dir='ltr'>rectissime</span> 
     </span>
     <span class='ocr_line' id='line_1_36' title="bbox 483 4165 2669 4237; baseline 0.002 -20"><span class='ocrx_word' id='word_1_282' title='bbox 483 4182 576 4232; x_wconf 87' lang='lat' dir='ltr'>pro</span> <span class='ocrx_word' id='word_1_283' title='bbox 613 4165 842 4221; x_wconf 81' lang='lat' dir='ltr'>lectione</span> <span class='ocrx_word' id='word_1_284' title='bbox 897 4168 1162 4223; x_wconf 76' lang='lat' dir='ltr'>Caustica</span> <span class='ocrx_word' id='word_1_285' title='bbox 1209 4185 1239 4222; x_wconf 84' lang='lat' dir='ltr'>a</span> <span class='ocrx_word' id='word_1_286' title='bbox 1287 4168 1459 4223; x_wconf 83' lang='lat' dir='ltr'>Scriv.</span> <span class='ocrx_word' id='word_1_287' title='bbox 1507 4173 1563 4222; x_wconf 83' lang='lat' dir='ltr'>et</span> <span class='ocrx_word' id='word_1_288' title='bbox 1610 4169 1941 4224; x_wconf 81' lang='lat' dir='ltr'>Schneidew.</span> <span class='ocrx_word' id='word_1_289' title='bbox 1990 4172 2202 4237; x_wconf 80' lang='lat' dir='ltr'>recepta</span> <span class='ocrx_word' id='word_1_290' title='bbox 2250 4170 2669 4224; x_wconf 79' lang='lat' dir='ltr'>substituerunt.</span> 
     </span>
    </p>
   </div>
   <div class='ocr_carea' id='block_1_4' title="bbox 2653 4297 2992 4598">
    <p class='ocr_par' dir='ltr' id='par_1_8' title="bbox 2653 4209 2992 4598">
     <span class='ocr_line' id='line_1_37' title="bbox 2653 4297 2992 4598; baseline 0 0"><span class='ocrx_word' id='word_1_291' title='bbox 2653 4567 2662 4582; x_wconf 74' lang='grc'><strong>,</strong></span> <span class='ocrx_word' id='word_1_292' title='bbox 2779 4297 2992 4598; x_wconf 48' lang='grc' dir='ltr'><em>Α</em></span> 
     </span>
    </p>
   </div>
  </div>
 </body>
</html>
