3031 4640
356 490 600 552 tionem
671 490 981 552 maiorem
1057 492 1219 552 duos
1289 489 1354 569 (?)
1423 490 1623 552 libros
1702 491 2026 552 seiunctos
2097 490 2262 574 inter

343 596 739 676 amplexam.
812 591 1117 656 Fortasse
1163 594 1293 655 iam
1341 603 1532 655 antea
1577 591 1708 672 (ΞΡ)
1755 593 1956 674 epigr.
2020 593 2129 654 illa
2181 614 2270 675 po

349 711 647 780 tempore
707 699 771 759 in
841 697 1018 760 libris
1063 698 1108 758 I.
1173 697 1248 758 ΙΙ.
1308 698 1635 759 exstantia
1690 697 1754 758 in
1810 697 2034 758 charta
2080 696 2106 757 I
2151 697 2237 759 44

353 803 530 864 dicta
577 801 993 882 evulgaverat
1037 823 1122 863 ex
1169 821 1373 881 eaque
1421 801 1675 863 delectu
1722 800 1948 863 habito
1994 801 2271 864 minoret

347 915 655 987 posuerat
714 905 1007 967 chartam
1072 905 1121 984 (I
1177 904 1302 982 44),
1374 905 1463 966 ita
1525 914 1597 966 ut
1655 904 1796 965 libri
1861 905 1887 966 I
1946 915 2012 966 et
2074 905 2131 966 II
2192 926 2271 986 qu

345 1011 550 1091 epigr.
613 1010 785 1071 aucti
848 1009 1091 1071 nobis
1171 1009 1296 1071 sint
1373 1009 1607 1070 servati
1691 1009 1992 1070 editionis
2071 1010 2201 1071 iam

353 1116 555 1176 instar
600 1113 882 1175 habendi
929 1113 1072 1174 sint.
1170 1111 1587 1193 Singulorum
1649 1112 1846 1192 igitur
1903 1112 2214 1175 librorum
2260 1134 2271 1194 ]

347 1219 410 1279 in
456 1218 666 1279 lucem
714 1218 1054 1280 missorum
1102 1216 1265 1278 ratio
1310 1216 1471 1278 haec
1518 1217 1576 1277 ei
1622 1216 1964 1278 videbatur
2002 1236 2178 1307 esse:

665 1322 720 1399 1)
768 1320 1000 1382 Libelli
1048 1320 1338 1402 graciles,
1568 1326 1571 1329 ’

930 1405 935 1507 i

909 1513 995 1589 2⁸)
1043 1512 1254 1573 Maior
1299 1511 1540 1573 charta.

1153 1698 1241 1780 2b)
1289 1702 1503 1764 Minor
1539 1700 1779 1762 charta.

658 1808 720 1885 3)
768 1807 948 1869 Libri
995 1807 1023 1868 I
1069 1817 1134 1868 et
1179 1805 1238 1867 II
1283 1805 1570 1867 seiuncti.

526 1909 678 1990 Qua
723 1911 1042 1972 sententia
1087 1911 1151 1971 in
1196 1909 1479 1971 editione
1527 1910 1759 1970 iterum
1818 1909 2159 1971 immutata
2215 1912 2271 1972 in

353 2012 480 2074 illic
508 2014 822 2094 relinquit,
873 2014 1027 2094 quid
1070 2015 1151 2075 de
1175 2014 1461 2094 priorum
1487 2012 1797 2074 librorum
1822 2033 1994 2073 nexu
2019 2012 2101 2073 sit
2124 2013 2271 2076 iudi«

350 2116 453 2177 vel
516 2128 584 2179 ut
643 2118 878 2179 rectius
938 2117 1153 2178 dicam
1214 2118 1379 2179 inter
1434 2119 1596 2179 duas
1653 2118 1854 2178 modo
1910 2115 2036 2177 huc
2113 2119 2269 2179 mod

343 2222 694 2283 sententias
739 2242 977 2302 anceps
1022 2221 1234 2282 fertur.
1329 2219 1652 2301 Opinatur
1711 2219 1881 2283 enirn
1940 2219 2069 2281 illic
2131 2231 2241 2282 aut

347 2337 640 2407 tempore
685 2326 1052 2407 publicatos
1098 2345 1237 2387 esse
1282 2325 1512 2386 ambos
1551 2325 1751 2386 libros
1774 2325 1939 2387 inter
1960 2345 2031 2386 se
2055 2325 2183 2386 iam
2209 2346 2271 2387 se

347 2431 469 2507 (ed.
520 2430 548 2491 I
593 2451 702 2511 pg.
758 2431 871 2511 163
931 2430 1052 2509 523
1118 2428 1274 2506 1623
1346 2429 1491 2490 adn.
1545 2431 1630 2491 ad
1676 2429 1723 2504 Ι,
1787 2428 1983 2512 1-3)
2043 2429 2271 2510 simulq

348 2547 486 2596 tum
547 2535 961 2597 circumlatos
1020 2554 1160 2595 esse
1216 2534 1280 2595 in
1342 2553 1537 2595 unum
1595 2543 1849 2595 tomum
1905 2542 2148 2595 artatos
2213 2535 2271 2612 (a

346 2638 531 2718 epist.
604 2639 666 2718 I;
737 2661 836 2721 ep.
904 2639 991 2700 III
1063 2639 1126 2717 1)
1216 2674 1304 2683 -—
1393 2647 1504 2699 aut
1574 2638 1853 2700 edidisse
1924 2645 2189 2717 poetam
2257 2659 2271 2718 1

349 2742 763 2806 solummodo
832 2743 1119 2805 libellum
1177 2762 1372 2824 quem
1429 2743 1691 2803 auctum
1751 2740 2025 2822 posthac
2099 2741 2271 2821 paulz

348 2845 546 2909 libros
627 2849 917 2931 sequenti
999 2857 1295 2929 tempore
1361 2846 1392 2907 I
1461 2856 1529 2907 et
1594 2845 1652 2907 II
1735 2844 2066 2907 disciderit
2144 2846 2263 2924 (ed.

349 2952 578 3031 522533
630 2951 874 3031 162).‘2)

533 3188 576 3257 1)
613 3187 778 3241 Recte
829 3190 1046 3254 quidem
1095 3189 1429 3242 intellexisse
1490 3188 1628 3241 mihi
1679 3190 1864 3243 videor
1913 3188 2271 3243 Friedlaende]

355 3289 531 3325 errare
568 3277 888 3344 excusatum
925 3290 1010 3326 me
1045 3274 1236 3327 habeat
1271 3276 1466 3341 velim3
1504 3278 1633 3327 sunt
1667 3275 1813 3328 enim
1849 3293 1902 3327 v.
1928 3276 1978 3328 d.
1998 3276 2159 3329 verba
2193 3275 2271 3328 illi

352 3360 486 3412 mire
524 3360 747 3413 obscure
783 3364 944 3426 atque
982 3359 1253 3425 implicate
1289 3361 1451 3428 dicta,
1489 3362 1566 3413 ita
1601 3365 1663 3414 ut
1699 3364 1830 3430 quid
1868 3363 1975 3417 sibi
1993 3362 2228 3416 voluerit
2250 3380 2271 3416 1

344 3445 632 3500 enucleari.

526 3533 570 3603 2)
608 3532 673 3585 In
708 3531 943 3586 editione
981 3547 1192 3599 quoque
1230 3534 1445 3598 saepius
1479 3532 1921 3588 Friedlaenderus
1972 3552 2104 3603 quae
2140 3537 2271 3591 mod<

354 3624 537 3688 postea
572 3619 811 3695 rescidit,
848 3619 923 3671 ita
970 3621 1032 3670 ut
1062 3617 1211 3684 'quid
1260 3618 1426 3670 statui
1473 3618 1609 3671 velit
1655 3620 2039 3675 difficillimum
2085 3623 2159 3675 sit
2212 3624 2271 3675 di

356 3709 606 3761 Conferas
642 3708 761 3764 adn.
790 3706 857 3759 ad
875 3704 1005 3772 ep.I
1040 3703 1203 3757 verba
1238 3704 1398 3756 haec:
1435 3705 1733 3770 Entweder
1766 3708 1867 3762 hat
1884 3709 1967 3762 M.
2006 3711 2153 3763 scine
2187 3727 2271 3764 ‘vo-1

351 3794 714 3864 Epiyramme
748 3794 982 3863 soyleich
1016 3794 1081 3846 in
1114 3794 1260 3857 zwei,
1297 3791 1631 3859 yleichzevtiy
1667 3793 2133 3862 herausyeyebene
2166 3796 2271 3849 Bu«

353 3881 522 3945 theut,
560 3882 690 3934 oder
726 3881 900 3947 (was
935 3878 1629 3933 wahrscheinlicher
1662 3880 1795 3944 ist)
1833 3885 2014 3933 zuerst
2049 3897 2162 3933 nur
2197 3883 2271 3935 eim

348 3964 626 4019 derselben
663 3968 744 4021 als
781 3967 1076 4020 einBuch
1109 3963 1561 4033 herausyeyeben,
1598 3966 1717 4018 wnd
1752 3964 1945 4018 wwde
1979 3965 2140 4018 darem,
2156 3967 2271 4021 dum

353 4050 624 4119 beifdlliye
664 4053 981 4117 Aufnahme
1016 4052 1347 4117 veranlasst,
1386 4066 1440 4103 es
1475 4066 1537 4103 so
1571 4052 1727 4105 stark
1761 4066 1833 4103 zu
1866 4052 2203 4117 vermehren,
2253 4070 2271 4104 ι

355 4136 625 4205 Theilzmy
663 4142 727 4191 in
761 4140 891 4193 zwei
927 4140 1150 4193 Bileher
1183 4137 1535 4206 nothwendiy
1570 4154 1707 4205 war,
1746 4149 1873 4188 cum
1908 4135 2033 4185 nota
2066 4135 2132 4186 ad
2168 4151 2249 4201 ep.
