3031 4640
2495 340 2580 402 57

358 494 543 576 ‘satis
619 513 1018 577 confidenter
1092 515 1377 576 iudicare
1444 513 1632 576 nobis
1706 513 1897 575 liceat
1973 524 2108 575 tam
2176 535 2410 595 parcus
2485 524 2616 581 est.

388 639 689 680 numerus
736 628 804 681 ut
850 619 1073 699 paucis
1119 599 1441 700 possimus
1487 639 1566 679 ea
1610 617 1962 679 absolvere.
2044 617 2361 680 Attamen
2406 618 2582 681 haud

388 724 652 785 omnino
698 722 951 785 silentio
997 722 1464 803 praetereunda
1508 718 1659 783 sunt
1704 741 1852 782 curn
1899 731 1965 782 et
1996 721 2136 802 ipsa
2167 732 2363 785 testes
2396 723 2583 786 nobis

386 828 514 889 sint
558 828 713 889 satis
758 847 987 908 graves
1032 836 1296 908 poetam
1342 827 1408 888 in
1454 826 1876 907 disponendis
1918 827 2118 907 epigr.
2170 826 2342 888 haud
2390 827 2582 889 anxie

386 932 627 1013 ubique
673 932 891 994 omnia
937 932 1137 1012 epigr.
1176 953 1304 993 uno
1350 932 1715 1012 eodemque
1746 950 1915 991 anno
1946 939 2177 992 exorta
2208 930 2270 991 in
2302 932 2580 993 eundem

388 1035 676 1097 libellum
739 1037 1156 1116 congessisse.
1268 1033 1454 1114 Quae
1508 1035 1645 1097 sine
1714 1034 1846 1095 ullo
1914 1034 2115 1096 dubio
2182 1033 2306 1095 huc
2376 1035 2583 1097 refero

284 1134 295 1141 “
388 1140 717 1220 poematia
763 1139 925 1202 haec
971 1149 1148 1201 sunt:

562 1244 685 1325 Ep.
737 1244 793 1306 X
839 1243 924 1305 25
969 1252 1234 1324 poetam
1297 1243 1385 1322 (id
1447 1244 1625 1324 quod
1688 1244 1817 1303 iam
1867 1241 2103 1303 Friedl.
2170 1242 2233 1303 in
2296 1251 2450 1302 nota
2494 1242 2581 1302 ad

387 1369 489 1427 ep.
540 1347 624 1410 25
673 1356 847 1410 recte
892 1347 1000 1424 ait)
1061 1366 1249 1408 sensu
1296 1367 1559 1426 prorsus
1605 1348 1861 1409 diverso
1905 1357 2100 1428 atque
2146 1367 2247 1429 ep.
2298 1345 2451 1407 VIII
2498 1344 2583 1409 30

387 1452 471 1512 de
518 1450 778 1513 homine
825 1450 1116 1532 quolibet
1178 1451 1487 1512 damnato
1546 1450 1901 1514 Scaevolae
1963 1449 2208 1511 facinus
2268 1449 2330 1510 in
2389 1469 2583 1510 arena

386 1555 680 1617 imitante
749 1556 1033 1617 iudicare
1100 1554 1314 1616 vides:
1407 1554 1558 1617 VIII
1625 1553 1714 1616 30
1779 1553 2077 1615 laudibus
2151 1553 2578 1615 constantiam

388 1658 570 1720 istius
627 1659 1058 1739 virtutemque
1120 1658 1477 1721 celebrarat
1537 1659 1697 1720 mire
1765 1657 1989 1737 largis:
2061 1657 2165 1719 hic
2231 1678 2387 1718 vero
2454 1678 2582 1719 non

394 1763 755 1824 mirandam
818 1765 909 1826 ait
965 1783 1104 1825 esse
1162 1762 1503 1824 audaciam
1565 1762 1843 1823 hominis
1890 1761 2056 1822 illius
2103 1758 2211 1842 qui
2258 1771 2581 1824 tormenta

388 1867 689 1947 graviora
745 1868 1096 1929 evitaturus
1153 1866 1455 1929 simulata
1513 1867 1710 1928 animi
1772 1866 2115 1927 atrocitate
2160 1865 2289 1927 tale
2336 1864 2580 1927 facinus

387 1970 798 2032 committere
844 1973 1100 2051 pararit.

565 2072 751 2154 Quae
805 2076 1005 2137 verba
1067 2078 1185 2156 (ep.
1238 2074 1297 2137 X
1344 2074 1453 2153 25>
1513 2094 1774 2155 prorsus
1834 2073 1897 2134 in
1957 2073 2347 2134 contrarium
2406 2073 2582 2134 dicta

395 2177 680 2258 intellegi
741 2199 870 2240 non
931 2189 1199 2260 possunt
1256 2180 1371 2241 nisi
1418 2178 1760 2241 statuimus
1819 2177 1930 2255 (sic
1977 2176 2215 2238 Friedl.
2263 2176 2299 2237 l.
2350 2197 2427 2251 c.‚
2477 2177 2578 2238 cui

390 2282 768 2363 adstipulari
839 2303 966 2345 non
1028 2282 1281 2362 dubito)
1351 2282 1717 2346 Martialem
1786 2282 2021 2343 eodem
2089 2290 2381 2362 tempore
2450 2302 2581 2362 quo

393 2386 549 2447 VIII
573 2387 659 2450 30
706 2396 919 2448 ortum
953 2395 1049 2447 est
1096 2386 1265 2464 (nam
1299 2390 1585 2450 evenisse
1618 2387 1774 2449 illud
1807 2386 2252 2467 spectaculum
2286 2395 2580 2467 tempore

389 2511 727 2553 munerum
778 2490 1286 2553 Sarmaticorum
1332 2492 1512 2572 puto)
1561 2513 1659 2573 ep.
1712 2511 1971 2573 quoque
2002 2490 2171 2554 X25
2216 2491 2576 2571 scripsisse:

387 2593 664 2655 alterum
725 2595 967 2675 quippe
1030 2596 1206 2675 quod
1272 2595 1437 2656 libro
1487 2595 1748 2658 Caesari
1810 2596 2178 2657 dedicando
2235 2596 2581 2657 inserturus

387 2708 557 2760 esset
588 2709 782 2779 poeta
813 2699 876 2759 in
902 2698 1259 2760 Domitiani
1295 2699 1595 2761 nimirum
1628 2700 2064 2761 adulationem
2093 2709 2578 2780 composuerat3

390 2800 665 2862 alterum
756 2799 911 2882 quid
1003 2803 1142 2883 ipse
1241 2802 1505 2863 sentiret
1607 2803 2006 2883 professurus
2111 2803 2581 2883 conscripserat

353 2904 865 2986 'retinueratque
914 2927 991 2967 ne
1037 2905 1324 2986 Augusti
1372 2907 1652 2967 auctoris
1700 2917 1873 2970 certe
1921 2908 2100 2969 istius
2146 2907 2579 2987 similiumque

387 3021 827 3069 sescentorum
874 3029 1211 3071 munerum
1259 3009 1481 3070 odium
1515 3010 1641 3071 isto
1671 3031 1966 3074 sermone
1997 3013 2118 3074 sibi
2151 3010 2573 3073 contraheret.

390 3112 753 3173 Trucidato
788 3111 1017 3173 Flavio
1049 3114 1250 3194 epigr.
1288 3112 1442 3174 illud
1476 3122 1609 3174 tam
1645 3115 1753 3175 diu
1788 3118 2137 3197 repositum
2175 3115 2586 3196 deprompsit

393 3236 480 3276 ex
539 3235 688 3276 arca
749 3216 1341 3297 depromptumque
1401 3217 1824 3280 intermiscuit
1870 3219 1945 3279 iis
1992 3239 2176 3299 quae,
2243 3230 2310 3281 ut
2358 3218 2577 3281 antho-

387 3317 632 3398 logiam
657 3319 910 3380 Nervae
943 3319 1339 3382 offerendam
1389 3321 1463 3400 (a.
1494 3319 1719 3401 97s98)
1769 3332 2190 3403 componeret
2219 3324 2319 3385 vel
2352 3324 2494 3385 libri
2521 3321 2580 3384 X

387 3423 489 3484 ed.
541 3422 805 3484 alteram
857 3425 932 3502 (a.
970 3422 1210 3504 98s99),
1259 3425 1629 3505 collegerat.
1704 3425 1900 3505 Quod
1948 3427 2001 3487 si
2047 3428 2386 3489 statuimus
2429 3448 2579 3489 vere

388 3548 528 3588 esse
575 3527 835 3600 factum,
887 3528 1039 3588 nihil
1088 3528 1215 3589 iam
1264 3539 1461 3590 restat
1507 3530 1704 3590 dubii.
1733 3528 1774 3607 1)

567 3751 610 3816 1)
649 3748 743 3801 Nil
780 3748 845 3802 de
882 3753 1116 3816 tempore
1137 3766 1216 3817 ep,
1238 3749 1381 3807 X‘25
1418 3751 1627 3817 primus
1664 3768 1760 3804 nos
1798 3752 1953 3803 docet
1989 3767 2181 3804 versus
2203 3753 2278 3805 In
2300 3755 2580 3807 matutina

389 3849 573 3901 nuper
619 3842 899 3901 spectatus
945 3838 1189 3890 harena:
1239 3837 1482 3889 eiusdem
1530 3838 1676 3889 enim
1724 3837 1992 3890 similisve
2041 3840 2194 3891 notae
2244 3839 2486 3891 vocibus·
2520 3839 2578 3891 in

390 3921 795 3988 quaestionibus
833 3922 1223 3991 chronologicis
1261 3925 1513 3976 maiorem
1550 3923 1708 3976 fidem
1746 3922 1928 3975 haberi
1965 3940 2069 3976 non
2107 3939 2263 3990 posse
2313 3925 2436 3992 quis
2473 3941 2579 3977 non

386 4007 578 4060 novit?
649 4007 785 4061 Data
832 4008 923 4060 hic
973 4009 1250 4062 occasione
1287 4008 1613 4063 Kerckhoffii
1649 4010 1683 4067 1,
1722 4027 1767 4065 c.
1818 4010 2039 4062 eandem
2096 4026 2209 4062 rem
2265 4011 2579 4076 stringentis

387 4110 617 4147 errorem
655 4095 955 4149 removebo.
1030 4095 1125 4148 Ait
1160 4096 1275 4149 illic
1313 4101 1422 4163 (pg.
1466 4097 1549 4165 16)
1588 4098 1866 4151 Etruscus
1900 4103 2077 4163 pater,
2117 4099 2275 4150 cuius
2311 4098 2377 4150 de
2412 4101 2581 4147 morte

390 4181 684 4234 Martialis
721 4185 890 4249 epiyr.
944 4183 989 4234 V
997 4183 1062 4235 ΙΙ
1091 4187 1160 4239 40
1198 4189 1292 4249 est,
1356 4184 1498 4243 diem
1546 4198 1861 4250 supremum
1911 4184 2046 4237 obiit
2093 4200 2307 4237 annum
2355 4186 2577 4245 septua-
