3031 4640
6 4129 39 4384 ww
10 4095 17 4108 κ

2493 373 2570 434 41

560 543 658 605 Re
704 543 796 605 sic
852 564 919 605 se
966 542 1245 606 habente
1293 543 1683 611 dubitationi
1757 544 1911 606 mihi
1973 545 2101 606 iam
2150 565 2279 606 non
2323 545 2579 607 videtur

385 645 744 708 obnoxium
791 667 930 709 esse
975 648 1128 727 quin
1172 668 1273 733 ep.
1321 647 1418 710 VI
1464 647 1506 711 3
1553 649 1637 710 ad
1684 647 1910 710 Iuliam
1958 649 2199 710 maiore
2246 669 2442 730 quam
2490 650 2575 711 ad

386 750 744 813 Domitiam
803 751 935 812 iure
994 750 1317 814 reseratur.
1434 751 1541 814 De
1605 751 1938 813 Domitiae
1994 751 2164 813 enim
2233 748 2576 834 puerperio

386 855 662 916 instante
708 863 779 916 ut
822 854 928 916 hic
976 855 1340 936 cogitemus
1387 875 1466 917 ne
1514 855 1851 918 minimum
1899 855 2165 937 quidem
2228 877 2345 918 nos
2405 877 2577 919 com-

384 967 606 1019 movet
650 958 986 1020 indicium:
1038 958 1240 1021 immo
1285 960 1337 1021 si
1384 959 1657 1039 gravida
1702 959 1921 1022 fuisset
1954 959 2079 1035 illa,
2114 960 2165 1022 si
2198 961 2570 1041 peperisset,

382 1071 498 1123 aut
543 1071 867 1124 mortuum
916 1062 1195 1125 edidisse
1256 1084 1400 1125 eam
1464 1063 1772 1125 infantem
1829 1073 2258 1127 statueremus
2317 1085 2577 1126 necesse

380 1175 554 1227 esset
600 1176 711 1228 aut
756 1166 861 1229 hic
909 1165 1115 1229 illicve
1161 1168 1296 1229 sive
1342 1167 1406 1228 in
1450 1168 1837 1248 scriptorum
1885 1167 2063 1229 libris
2087 1167 2286 1245 (Suet.
2316 1167 2446 1229 init.
2474 1168 2576 1245 15)

381 1269 518 1332 sive
594 1270 657 1331 in
731 1270 935 1332 titulis
1010 1272 1368 1333 nummisve
1443 1272 1578 1333 sive
1646 1271 1709 1333 in
1778 1280 2117 1352 poetarum
2186 1271 2577 1334 carminibus

382 1382 815 1436 memoratum
884 1394 1024 1436 esse
1090 1374 1397 1437 infantem
1467 1374 2103 1456 exspectaremusffi)
2209 1375 2312 1438 Ne
2398 1376 2577 1438 dicas

381 1476 638 1558 infringi
687 1478 1053 1560 opinionem
1102 1489 1387 1541 nostram
1411 1501 1470 1540 v.
1500 1476 1795 1562 VI3⁵sssz
1846 1478 2072 1543 Iuliam
2105 1478 2276 1541 enim
2302 1488 2574 1541 matrem

378 1582 598 1642 vivam
672 1582 957 1662 potuisse
1034 1593 1103 1645 ut
1177 1584 1447 1645 Parcam
1537 1582 1968 1646 fortunantem
1992 1582 2066 1661 19)
2156 1582 2482 1645 celebrare
2503 1580 2575 1659 20)

382 1695 648 1768 poetam
697 1707 825 1748 non
893 1687 1179 1768 negabiS,
1251 1690 1302 1749 si
1368 1688 1733 1750 memineris
1791 1688 1853 1748 in
1913 1686 2112 1749 titulis
2173 1687 2578 1767 nummisque

382 1792 617 1852 domus
644 1789 998 1853 Caesareae
1045 1792 1342 1854 mulieres
1388 1812 1699 1874 persaepe
1746 1792 2013 1853 dearum
2045 1790 2320 1853 formam
2353 1810 2577 1870 gerere

380 1893 484 1971 (cf.
534 1894 788 1969 Preller,
836 1893 903 1957 II
945 1895 1109 1973 4333
1156 1894 1314 1973 4413
1362 1896 1570 1958 Eckh.
1616 1895 1717 1958 VI
1763 1915 1871 1976 pg.
1925 1892 2051 1957 155
2095 1894 2215 1973 al.).

561 1997 615 2058 F
620 1997 797 2061 riedl.
844 2008 1065 2060 notam
1112 2000 1196 2061 ad
1242 1997 1343 2061 VI
1388 2000 1428 2062 3
1477 2020 1606 2062 non
1653 1998 1990 2079 intellego:
2051 1998 2163 2059 Da
2209 1998 2577 2060 Domitiam

386 2100 681 2169 Gelieble‚
745 2102 873 2164 illic
933 2103 1040 2176 ait,
1104 2104 1270 2165 selue
1320 2102 1554 2165 Niclzte
1597 2103 1807 2176 Julia‚
1873 2102 2064 2164 sclam
2125 2124 2205 2164 ,su
2251 2102 2435 2194 Ele-de
2482 2103 2570 2185 89

379 2207 587 2269 starb.
652 2227 828 2268 mass
887 2206 1022 2267 siclt
1085 2207 1222 2268 dies
1275 2206 1544 2269 Gedz'cllt
1599 2196 1738 2288 auf
1778 2209 1915 2269 cine
1961 2206 2584 2288 Scltzerangersclmft

381 2310 504 2372 der
555 2309 893 2374 Gemalzlin
955 2310 1322 2374 Domitz'ans
1367 2310 1658 2375 Domitia
1719 2312 2027 2375 beziehen.
2103 2311 2156 2374 S
2161 2311 2219 2373 G
2258 2310 2372 2372 Ill
2404 2331 2530 2392 431
2555 2334 2575 2386 ;

382 2415 449 2476 in
493 2415 687 2495 praef.
737 2436 891 2478 vero
953 2417 1072 2496 (ed.
1124 2415 1156 2478 I
1202 2437 1309 2498 pg.
1359 2415 1584 2499 56s57)
1631 2416 1864 2478 librum
1913 2416 1978 2478 V
2024 2426 2336 2479 autumno
2382 2438 2435 2478 a.
2489 2416 2572 2479 89

383 2519 556 2580 foras
619 2521 900 2596 missum,
974 2520 1111 2582 libr.
1174 2520 1271 2581 VI
1328 2520 1478 2582 inde
1540 2519 1626 2582 ab
1687 2519 1797 2582 illo
1858 2530 2152 2602 tempore
2221 2541 2422 2602 usque
2490 2522 2574 2582 ad

381 2632 698 2685 aestatem
744 2624 845 2687 vel
892 2635 1269 2688 autumnum
1317 2645 1371 2687 a.
1423 2624 1508 2687 90
1569 2626 2008 2706 conscriptum
2055 2645 2195 2687 esse
2241 2625 2570 2686 concedit:

384 2747 515 2789 non
561 2727 758 2808 igitur
800 2729 994 2792 video
1040 2729 1196 2811 quid
1246 2729 1561 2809 impediat
1608 2750 1687 2790 ne
1733 2750 1832 2809 ep.
1884 2728 1983 2790 VI
2028 2729 2069 2791 3
2125 2729 2316 2789 viva
2361 2727 2574 2789 adhuc

380 2829 544 2892 Iulia
618 2833 654 2893 i.
720 2853 772 2894 e.
840 2842 1151 2895 autumno
1212 2833 1503 2896 hiemeve
1563 2854 1616 2894 a.
1670 2832 1752 2897 89
1816 2841 2027 2894 ortum
2089 2851 2228 2892 esse
2288 2832 2586 2910 potuisse

383 2936 740 2997 credamus

558 3040 668 3101 Ex
714 3041 787 3102 iis
834 3062 999 3121 quae
1047 3042 1332 3103 diximus
1377 3050 1735 3103 statuemus
1783 3039 1925 3100 libri
1972 3037 2127 3099 XIII
2175 3058 2273 3118 ep.
2330 3037 2470 3111 127,
2523 3037 2570 3097 si

384 3143 647 3224 quidem
695 3146 778 3207 ad
828 3146 1100 3207 eandem
1148 3145 1426 3206 hiemem
1490 3143 1893 3205 referendum
1957 3142 2040 3202 sit
2084 3150 2278 3220 atque
2326 3140 2420 3200 VI
2471 3140 2570 3214 80,

382 3268 513 3309 non
557 3268 749 3329 posse
795 3250 1231 3328 conscriptum
1278 3268 1417 3309 esse
1463 3247 1580 3307 nisi
1627 3246 1839 3308 hieme
1886 3245 2033 3306 anni
2083 3244 2182 3308 89.

526 3400 586 3468 ¹⁸)
626 3401 771 3466 Quae
807 3400 1112 3454 Kerckhoff.
1166 3403 1227 3453 ut
1261 3401 1328 3452 ad
1362 3399 1658 3453 Domitiam
1693 3402 1902 3451 tantum
1942 3402 2179 3465 spectare
2231 3414 2388 3465 posse
2426 3398 2504 3450 VI
2542 3405 2573 3454 3

382 3489 714 3541 demonstret
737 3505 823 3556 pg.
846 3493 877 3546 8
916 3487 1111 3555 profert
1147 3486 1351 3541 nullius
1389 3488 1518 3539 suut
1553 3485 1808 3538 momenti
1838 3502 1849 3536 :
1889 3492 2121 3552 turpem,
2158 3487 2572 3552 argumentatur.

380 3576 539 3629 illa-m
574 3576 1020 3629 emisuetudinem
1056 3581 1121 3629 ut
1157 3576 1361 3629 celaret
1390 3573 1570 3638 Dom,
1610 3579 1927 3639 conceptum
1965 3592 2000 3626 α
2037 3590 2092 3626 se
2129 3575 2344 3641 exzyere
2363 3572 2575 3626 Iuliam

382 3665 617 3731 eoeyisse
653 3665 1065 3728 imperatorem.-
1104 3660 1264 3714 talem
1304 3660 1482 3712 inesse
1523 3674 1741 3712 sensum
1773 3658 1954 3711 verbis
1975 3657 2317 3712 Suetonianis
2356 3674 2573 3725 prorsus

382 3762 545 3813 nego:
596 3749 645 3800 si
694 3747 920 3801 celare
969 3745 1233 3800 voluisset
1268 3746 1420 3800 Dom.
1459 3747 1729 3799 incestum
1767 3744 1921 3811 illud,
1974 3748 2121 3799 certe
2158 3745 2362 3812 Ephesi
2403 3744 2573 3812 palam

385 3850 535 3888 saera
571 3834 830 3902 nuptialia
867 3834 1119 3888 celebrari
1159 3834 1245 3896 (cf.
1282 3832 1474 3886 Imhof.
1512 3850 1598 3900 pg.
1640 3833 1761 3900 129)
1802 3847 1908 3885 non
1946 3847 2138 3899 passus
2176 3833 2336 3885 esset.

527 3921 591 3989 ¹⁰)
652 3924 884 3976 Aurea
927 3923 1023 3989 filla
1094 3921 1163 3973 cf.
1209 3917 1420 3972 Petron.
1471 3919 1502 3985 ξ
1541 3924 1607 3976 29
1654 3925 1876 3985 praesto
1924 3926 2047 3973 erat
2095 3919 2357 3974 Fortuna
2402 3936 2574 3973 cornu

385 4008 704 4062 abundanti
739 4025 798 4062 eo
814 4010 973 4074 piosa
1010 4014 1061 4062 et
1097 4014 1205 4061 tres
1242 4006 1461 4060 Pareae
1498 4022 1676 4059 aurea
1712 4019 1888 4071 pensa
1924 4010 2268 4074 torquentes.
2294 4048 2303 4058 .
2330 4044 2341 4056 .
2367 4042 2377 4052 .

524 4092 594 4161 20)
649 4092 808 4145 Nihil
843 4094 941 4146 hae
978 4092 1036 4145 in
1068 4109 1122 4146 re
1143 4107 1238 4146 nos
1265 4091 1459 4145 docent
1478 4091 1572 4159 qui
1593 4091 1794 4144 servati
1814 4089 2164 4156 suntlapides
2202 4091 2268 4143 ad
2287 4090 2573 4142 Parcarum

386 4176 594 4231 cultum
632 4180 932 4246 spectantes
971 4179 1060 4247 (cf.
1098 4176 1302 4231 Preller
1340 4177 1393 4230 11
1432 4183 1534 4234 193
1571 4176 1689 4229 adn.
1730 4181 1807 4244 4).
