3031 4640
498 346 581 409 38

673 519 822 581 Hoc
869 520 920 582 si
969 530 1144 584 recte
1189 524 1584 585 coniecimus
1629 519 1879 583 libellus
1925 520 2084 584 XIII
2130 540 2258 582 non
2302 531 2451 583 ante
2496 540 2551 581 a.
2602 519 2696 582 89

499 624 709 686 editus
777 643 917 685 esse
984 635 1216 705 potest.
1309 628 1481 693 Nam
1552 625 1956 706 (omittantur
2022 624 2347 706 paulisper
2410 623 2686 687 Stobbei

501 728 1113 810 Friedlaenderique
1137 712 1753 821 argumentationes)
1784 758 1886 819 ep.
1914 736 1949 799 7
1979 732 2121 795 libri
2149 729 2236 791 VI
2267 729 2692 809 ¹concriptum

502 852 629 892 non
689 841 908 912 potest
965 853 1107 897 esse
1168 839 1285 899 nisi
1344 842 1599 905 vivente
1662 845 1875 907 adhuc
1920 839 2080 902 Iulia
2126 839 2246 915 (eP·
2300 831 2385 893 VI
2432 831 2473 894 3
2517 832 2690 913 qnic·

500 955 696 1016 quam
742 935 955 998 valere
1001 939 1122 1001 hac
1181 942 1246 1004 in
1301 965 1369 1007 re
1425 967 1614 1028 nege,
1679 948 1758 1011 cf.
1813 943 2043 1010 Stobb.
2104 941 2143 1002 l.
2192 959 2245 1000 c.
2291 956 2400 1017 pg.
2450 934 2685 1017 59s603

502 1039 740 1101 Friedl.
812 1040 956 1102 hist.
1024 1064 1181 1107 mor.
1256 1046 1398 1110 1115
1464 1071 1574 1132 pg.
1646 1052 1810 1131 4313
1892 1050 1994 1112 ed.
2044 1045 2076 1108 I
2144 1062 2252 1125 pg.
2324 1044 2444 1120 543
2523 1038 2691 1116 4323

503 1143 784 1212 Hirschf.
848 1145 886 1206 l.
937 1166 990 1207 e.
1055 1169 1164 1228 pg.
1232 1151 1436 1232 15063
1501 1157 1583 1218 de
1647 1155 1732 1218 VI
1782 1156 1861 1219 13
1920 1154 2071 1216 vide
2127 1148 2415 1226 eosdem)
2476 1145 2578 1208 vel
2635 1145 2689 1205 si

502 1248 644 1327 quis
689 1248 779 1309 ita
822 1248 975 1311 velit
1021 1254 1312 1331 protinus
1357 1270 1507 1338 post
1553 1260 1687 1322 eius
1733 1260 1983 1322 obitum
2046 1257 2156 1337 (ita
2201 1264 2272 1315 ut
2317 1251 2477 1314 Iulia
2524 1249 2691 1312 intra

502 1352 679 1431 ipsos
735 1351 876 1414 illos
935 1355 1199 1436 triginta
1260 1361 1397 1423 dies
1458 1365 1847 1444 decesserit).
1963 1361 2085 1424 Est
2145 1359 2315 1421 enim
2376 1355 2693 1435 scriptum

502 1475 600 1536 ep.
630 1456 664 1517 7
714 1457 780 1517 id
827 1459 1002 1538 quod
1051 1471 1285 1541 poetae
1330 1454 1469 1547 ipsa
1498 1468 1698 1530 verba
1728 1476 2043 1531 testantur
2074 1465 2212 1527 dies
2244 1471 2315 1524 ut
2344 1459 2693 1542 plurimum

502 1560 766 1640 triginta
826 1571 1172 1644 postquam
1221 1552 1635 1634 Domitianus
1679 1573 1892 1654 legem
1939 1570 2166 1634 Iuliam
2211 1561 2690 1643 redintegravit.

506 1661 692 1743 Quae
760 1653 903 1746 ipso
971 1670 1203 1732 eodem
1271 1683 1567 1755 tempore
1636 1686 1859 1739 renata
1925 1685 2022 1737 est
2088 1693 2220 1754 quo
2280 1667 2696 1732 Domitianus

505 1767 717 1830 adhuc
764 1775 1295 1838 consuetudinem
1343 1778 1518 1840 illam
1565 1780 1876 1842 incestam
1923 1777 2209 1841 habebat
2252 1793 2400 1842 cum
2446 1770 2624 1844 Iulia,
2646 1768 2696 1846 ⁹)

505 1873 691 1934 sicuti
761 1874 1127 1940 clarissimis
1188 1881 1406 1943 verbis
1473 1883 1790 1947 Iuvenalis
1858 1884 1923 1945 in
1989 1892 2105 1944 sat.
2182 1880 2242 1942 II
2310 1901 2370 1939 v.
2442 1875 2525 1939 29
2593 1895 2690 1955 sq.

507 1977 837 2057 docetzw)

827 2082 1055 2158 Qualis
1101 2098 1250 2149 erat
1289 2101 1495 2169 nuper
1539 2091 1789 2170 tragico
1821 2091 2106 2170 pollutus
2150 2088 2407 2149 adulter

829 2185 1184 2252 Concubitu.
1232 2194 1345 2272 qui
1385 2204 1412 2254 t
1424 2216 1463 2255 u
1483 2216 1524 2256 n
1543 2216 1574 2255 c
1619 2196 1794 2275 leges
1842 2193 2183 2256 revocabat
2223 2209 2517 2260 amamur,

825 2289 1132 2359 Omnibus
1177 2306 1363 2378 atque
1406 2299 1538 2379 ipsi
1596 2296 1829 2361 Veneri
1870 2296 2203 2378 Martique
2247 2292 2564 2358 timendas

509 2532 570 2583 In
591 2531 820 2587 Neronis
841 2537 1073 2588 staulam
1092 2538 1355 2606 scriptum
1374 2542 1458 2593 est
1474 2539 1720 2593 eiusdem
1738 2556 1820 2608 ep.
1842 2541 2003 2592 Anth.
2024 2538 2174 2592 Plan.
2196 2536 2276 2589 Π
2295 2542 2357 2594 61
2381 2555 2393 2602 3
2426 2551 2507 2602 ep.
2527 2532 2696 2585 Anth.

508 2617 620 2686 Pal.
659 2619 736 2672 VI
771 2625 876 2677 244
911 2622 966 2673 in
1005 2625 1345 2691 puerperium
1379 2626 1644 2679 Antoniae
1690 2626 1999 2694 cuiuspiam
2049 2623 2426 2692 compositum,
2478 2621 2546 2674 ad
2582 2623 2699 2673 An-

511 2708 712 2760 toniam
750 2708 1069 2776 (Augustam
1107 2713 1290 2778 postea
1325 2712 1768 2780 cognominatam,
1806 2713 1872 2766 cf.
1911 2713 2010 2766 act.
2048 2712 2110 2764 fr.
2132 2713 2261 2763 Arv.
2298 2727 2344 2765 a.
2369 2714 2436 2766 38
2472 2724 2519 2775 c,
2557 2725 2608 2760 v.
2640 2713 2700 2775 7,

508 2811 593 2860 ap.
630 2793 870 2847 Henzen.
910 2813 994 2864 pg.
1031 2795 1258 2866 XLIII),
1294 2798 1460 2851 Drusi
1498 2815 1740 2866 uxorem,
1777 2802 2003 2852 matrem
2041 2797 2341 2851 Germanici
2375 2795 2699 2862 Claudiique

511 2881 643 2934 satis
663 2885 809 2935 certo
827 2883 1219 2952 referri-potest.
1252 2916 1319 2923 ——
1351 2885 1429 2939 Cf.
1450 2884 1744 2954 Kiessling‚
1781 2886 1933 2945 Phil.
1966 2886 2178 2940 Unters.
2204 2883 2360 2952 Hpg.
2387 2887 2471 2949 53,
2504 2882 2623 2934 adn.
2644 2885 2697 2936 7.

622 2963 627 2966 ’
685 2969 726 3037 ⁹)
763 2967 1133 3023 Domitianum
1180 2974 1287 3024 iam
1333 2972 1555 3025 vivente
1605 2972 1767 3024 etiam
1817 2972 1935 3026 Tito
1983 2970 2373 3026 consuetudine
2428 2969 2521 3022 illa
2567 2984 2696 3021 cum

511 3053 652 3106 Iulia
707 3071 866 3109 usum
921 3071 1040 3110 esse
1094 3061 1149 3110 et
1201 3076 1230 3112 e
1279 3059 1395 3112 Tac.
1444 3058 1575 3111 hist.
1612 3057 1687 3111 IV
1727 3063 1759 3115 2
1808 3061 1862 3112 et
1911 3076 1941 3111 e
1990 3057 2135 3112 Suet.
2173 3062 2241 3115 22
2290 3072 2388 3110 nec
2434 3055 2617 3107 minus
2666 3070 2700 3106 e

513 3141 687 3194 Dione
723 3141 931 3195 LXVII
968 3149 1001 3201 3
1043 3148 1273 3212 apparet.

688 3230 750 3298 ¹⁰)
786 3228 951 3284 Miras
989 3248 1156 3299 nugas
1192 3232 1480 3299 protulisse
1517 3232 1618 3285 hac
1654 3232 1719 3285 de
1759 3248 1815 3286 re
1853 3232 2013 3286 video
2049 3230 2215 3284 schol.
2239 3229 2356 3285 luv.
2394 3229 2461 3281 ad
2482 3227 2696 3284 v.1127

512 3317 576 3367 ut
631 3316 723 3383 qui
780 3316 921 3392 (licat
975 3318 1084 3372 Sed
1137 3325 1189 3373 et
1243 3319 1469 3374 Clodius
1522 3319 1723 3385 fratris
1769 3319 2090 3374 Domitiani
2140 3318 2317 3386 filiam
2379 3319 2406 3368 I
2412 3317 2583 3370 aliam
2632 3316 2703 3368 in

515 3403 787 3458 adulterio
821 3412 1131 3473 sumpserat
1166 3410 1452 3473 maritam,
1491 3423 1613 3461 cum
1648 3409 1766 3473 ipse
1802 3406 1897 3475 (sc.
1930 3402 2290 3466 Domitianus)
2324 3402 2391 3457 de
2427 3402 2708 3456 adulteris

516 3492 652 3560 leyes
701 3493 1070 3545 severissimas
1129 3494 1521 3562 promulyaret.
1624 3491 1983 3545 Luculentum
2047 3505 2113 3542 en
2160 3489 2543 3542 documentum
2591 3503 2700 3554 qua

512 3577 716 3630 ratione
754 3576 958 3630 scholia
992 3577 1086 3630 illa
1121 3581 1371 3647 congesta
1419 3579 1545 3631 sint.
1619 3581 1817 3647 Aperte
1868 3576 2156 3631 scholiasta
2203 3592 2232 3627 e
2280 3577 2465 3642 poetae
2515 3574 2697 3627 verbis

514 3679 637 3715 cum
674 3663 740 3715 de
778 3662 963 3718 Clodio
1001 3666 1221 3719 moecho
1258 3666 1414 3720 modo
1451 3682 1627 3719 sermo
1662 3668 1807 3719 esset
1853 3664 1926 3733 (v.
1964 3663 2051 3731 27)
2086 3677 2186 3715 nec
2222 3663 2408 3729 postea
2441 3676 2698 3729 expresse

511 3750 856 3803 Domitianus
892 3753 1078 3805 auctor
1112 3750 1205 3804 ille
1242 3752 1477 3806 incestae
1515 3769 1641 3806 cum
1689 3750 1828 3805 Iulia
1874 3748 2296 3803 necessitudinis
2343 3747 2700 3815 appellaretur

514 3837 589 3904 (et
644 3843 852 3902 patruo
910 3838 1114 3892 similes
1174 3838 1477 3905 effunderet
1526 3840 1667 3906 offas
1715 3837 1852 3891 illud
1902 3853 1953 3893 v,
1992 3839 2060 3892 38
2094 3832 2314 3887 allatum
2364 3837 2458 3887 aut
2504 3833 2699 3901 effugit

514 3923 695 3975 virum
731 3923 890 3976 illum
927 3923 1304 3977 doctissimum
1338 3928 1433 3978 aut
1480 3942 1586 3979 non
1634 3922 1947 3991 intellexit),
1996 3920 2136 3975 nihil
2181 3921 2461 3989 antiquius
2505 3920 2700 3973 habuit

516 4025 676 4076 quam
728 4015 791 4062 ut
842 4008 1152 4064 Iuvenalem
1207 4026 1317 4079 seq.
1373 4011 1626 4064 versibus
1681 4009 1853 4063 Clodii
1909 4008 2200 4076 castigasse
2255 4005 2516 4060 delictum
2569 4023 2699 4060 con-

516 4096 769 4149 cluderet.
854 4095 996 4160 Quin
1033 4098 1195 4150 etiam
1235 4100 1417 4163 postea
1451 4096 1533 4149 VI
1572 4101 1674 4154 116
1710 4094 1845 4149 illud
1895 4096 1976 4150 Et
2010 4101 2216 4161 patruo
2250 4096 2456 4149 similes
2510 4110 2589 4162 sq.
2630 4093 2700 4147 ad

515 4181 859 4235 Messalinam
896 4183 1078 4236 refert!
