<?xml version="1.0" encoding="UTF-8"?>
<!DOCTYPE html PUBLIC "-//W3C//DTD XHTML 1.0 Transitional//EN"
    "http://www.w3.org/TR/xhtml1/DTD/xhtml1-transitional.dtd">
<html xmlns="http://www.w3.org/1999/xhtml" xml:lang="en" lang="en">
 <head>
  <title>
</title>
<meta http-equiv="Content-Type" content="text/html;charset=utf-8" />
  <meta name='ocr-system' content='tesseract 3.04.00' />
  <meta name='ocr-capabilities' content='ocr_page ocr_carea ocr_par ocr_line ocrx_word'/>
</head>
<body>
  <div class='ocr_page' id='page_1' title='image "./demvaleriimarti00daugoog_0055.png"; bbox 0 0 3031 4640; ppageno 0'>
   <div class='ocr_carea' id='block_1_1' title="bbox 2461 333 2540 395">
    <p class='ocr_par' dir='ltr' id='par_1_1' title="bbox 2461 333 2540 395">
     <span class='ocr_line' id='line_1_1' title="bbox 2461 333 2540 395; baseline -0.025 0"><span class='ocrx_word' id='word_1_1' title='bbox 2461 333 2540 395; x_wconf 77' lang='lat'>51</span> 
     </span>
    </p>
   </div>
   <div class='ocr_carea' id='block_1_2' title="bbox 356 499 2547 1209">
    <p class='ocr_par' dir='ltr' id='par_1_2' title="bbox 356 499 2547 1209">
     <span class='ocr_line' id='line_1_2' title="bbox 356 499 2547 586; baseline 0.003 -25"><span class='ocrx_word' id='word_1_2' title='bbox 356 502 717 563; x_wconf 83' lang='lat' dir='ltr'><strong>vestimenti</strong></span> <span class='ocrx_word' id='word_1_3' title='bbox 766 501 1025 563; x_wconf 83' lang='lat' dir='ltr'>humani</span> <span class='ocrx_word' id='word_1_4' title='bbox 1077 501 1133 579; x_wconf 84' lang='lat' dir='ltr'>(i.</span> <span class='ocrx_word' id='word_1_5' title='bbox 1185 522 1238 563; x_wconf 90' lang='lat' dir='ltr'>e.</span> <span class='ocrx_word' id='word_1_6' title='bbox 1285 499 1601 582; x_wconf 81' lang='lat' dir='ltr'>Caesaris)</span> <span class='ocrx_word' id='word_1_7' title='bbox 1660 523 1845 566; x_wconf 89' lang='lat' dir='ltr'>usum</span> <span class='ocrx_word' id='word_1_8' title='bbox 1894 504 2144 566; x_wconf 85' lang='lat' dir='ltr'>desumi</span> <span class='ocrx_word' id='word_1_9' title='bbox 2201 503 2547 586; x_wconf 70' lang='lat' dir='ltr'>posset333)</span> 
     </span>
     <span class='ocr_line' id='line_1_3' title="bbox 356 604 2547 690; baseline 0.002 -25"><span class='ocrx_word' id='word_1_10' title='bbox 356 614 552 685; x_wconf 87' lang='lat' dir='ltr'>atque</span> <span class='ocrx_word' id='word_1_11' title='bbox 601 604 773 666; x_wconf 86' lang='lat' dir='ltr'>illam</span> <span class='ocrx_word' id='word_1_12' title='bbox 816 606 1082 669; x_wconf 85' lang='lat' dir='ltr'>loricam</span> <span class='ocrx_word' id='word_1_13' title='bbox 1118 605 1465 668; x_wconf 83' lang='lat' dir='ltr'>Caesarem</span> <span class='ocrx_word' id='word_1_14' title='bbox 1498 627 1647 668; x_wconf 92' lang='lat' dir='ltr'>cum</span> <span class='ocrx_word' id='word_1_15' title='bbox 1694 608 2002 670; x_wconf 84' lang='lat' dir='ltr'>adversus</span> <span class='ocrx_word' id='word_1_16' title='bbox 2029 607 2359 670; x_wconf 84' lang='lat' dir='ltr'>Sarmatas</span> <span class='ocrx_word' id='word_1_17' title='bbox 2405 629 2547 690; x_wconf 88' lang='lat' dir='ltr'>pro·</span> 
     </span>
     <span class='ocr_line' id='line_1_4' title="bbox 359 707 2545 794; baseline 0.003 -26"><span class='ocrx_word' id='word_1_18' title='bbox 359 707 639 769; x_wconf 86' lang='lat' dir='ltr'>fecturus</span> <span class='ocrx_word' id='word_1_19' title='bbox 707 718 875 772; x_wconf 90' lang='lat' dir='ltr'>esset</span> <span class='ocrx_word' id='word_1_20' title='bbox 893 709 966 790; x_wconf 71' lang='grc'>34)</span> <span class='ocrx_word' id='word_1_21' title='bbox 1036 710 1306 783; x_wconf 81' lang='lat' dir='ltr'>fortasse</span> <span class='ocrx_word' id='word_1_22' title='bbox 1374 731 1450 772; x_wconf 85' lang='lat' dir='ltr'>ea</span> <span class='ocrx_word' id='word_1_23' title='bbox 1521 711 1601 772; x_wconf 91' lang='lat' dir='ltr'>de</span> <span class='ocrx_word' id='word_1_24' title='bbox 1662 731 1858 773; x_wconf 84' lang='lat' dir='ltr'>eausa</span> <span class='ocrx_word' id='word_1_25' title='bbox 1915 713 2092 792; x_wconf 90' lang='lat' dir='ltr'>quod</span> <span class='ocrx_word' id='word_1_26' title='bbox 2149 732 2189 773; x_wconf 81' lang='lat' dir='ltr'>a</span> <span class='ocrx_word' id='word_1_27' title='bbox 2247 713 2545 794; x_wconf 88' lang='lat' dir='ltr'>periculis</span> 
     </span>
     <span class='ocr_line' id='line_1_5' title="bbox 360 811 2547 896; baseline 0.004 -25"><span class='ocrx_word' id='word_1_28' title='bbox 360 811 738 892; x_wconf 89' lang='lat' dir='ltr'>improvidis</span> <span class='ocrx_word' id='word_1_29' title='bbox 787 849 866 857; x_wconf 93' lang='lat'>—-</span> <span class='ocrx_word' id='word_1_30' title='bbox 915 833 1065 875; x_wconf 85' lang='lat' dir='ltr'>nam</span> <span class='ocrx_word' id='word_1_31' title='bbox 1127 823 1358 894; x_wconf 86' lang='lat' dir='ltr'>sponte</span> <span class='ocrx_word' id='word_1_32' title='bbox 1420 835 1568 876; x_wconf 89' lang='lat' dir='ltr'>eum</span> <span class='ocrx_word' id='word_1_33' title='bbox 1630 815 2056 896; x_wconf 87' lang='lat' dir='ltr'>pugnantium</span> <span class='ocrx_word' id='word_1_34' title='bbox 2118 816 2417 878; x_wconf 87' lang='lat' dir='ltr'>tumultui</span> <span class='ocrx_word' id='word_1_35' title='bbox 2478 837 2547 879; x_wconf 90' lang='lat' dir='ltr'>se</span> 
     </span>
     <span class='ocr_line' id='line_1_6' title="bbox 358 914 2543 1000; baseline 0.003 -25"><span class='ocrx_word' id='word_1_36' title='bbox 358 914 672 977; x_wconf 89' lang='lat' dir='ltr'>obiecisse</span> <span class='ocrx_word' id='word_1_37' title='bbox 715 937 908 979; x_wconf 90' lang='lat' dir='ltr'>nemo</span> <span class='ocrx_word' id='word_1_38' title='bbox 932 917 1059 979; x_wconf 87' lang='lat' dir='ltr'>iam</span> <span class='ocrx_word' id='word_1_39' title='bbox 1086 920 1307 980; x_wconf 85' lang='lat' dir='ltr'>credet</span> <span class='ocrx_word' id='word_1_40' title='bbox 1332 956 1415 964; x_wconf 88' lang='lat'>—-</span> <span class='ocrx_word' id='word_1_41' title='bbox 1441 918 1748 981; x_wconf 86' lang='lat' dir='ltr'>vind-icari</span> <span class='ocrx_word' id='word_1_42' title='bbox 1789 939 1858 981; x_wconf 92' lang='lat' dir='ltr'>se</span> <span class='ocrx_word' id='word_1_43' title='bbox 1883 939 1960 980; x_wconf 86' lang='lat' dir='ltr'>ea</span> <span class='ocrx_word' id='word_1_44' title='bbox 1984 939 2174 1000; x_wconf 89' lang='lat' dir='ltr'>posse</span> <span class='ocrx_word' id='word_1_45' title='bbox 2198 930 2455 1000; x_wconf 85' lang='lat' dir='ltr'>putaret</span> <span class='ocrx_word' id='word_1_46' title='bbox 2470 919 2543 1000; x_wconf 70' lang='lat'>85)</span> 
     </span>
     <span class='ocr_line' id='line_1_7' title="bbox 356 1019 2544 1106; baseline 0.003 -27"><span class='ocrx_word' id='word_1_47' title='bbox 356 1019 473 1092; x_wconf 87' lang='lat' dir='ltr'>vel,</span> <span class='ocrx_word' id='word_1_48' title='bbox 509 1020 559 1080; x_wconf 87' lang='lat' dir='ltr'>si</span> <span class='ocrx_word' id='word_1_49' title='bbox 595 1020 801 1082; x_wconf 89' lang='lat' dir='ltr'>minus</span> <span class='ocrx_word' id='word_1_50' title='bbox 833 1020 990 1083; x_wconf 90' lang='lat' dir='ltr'>illud</span> <span class='ocrx_word' id='word_1_51' title='bbox 1022 1022 1154 1083; x_wconf 87' lang='lat' dir='ltr'>veri</span> <span class='ocrx_word' id='word_1_52' title='bbox 1187 1023 1394 1085; x_wconf 90' lang='lat' dir='ltr'>simile</span> <span class='ocrx_word' id='word_1_53' title='bbox 1429 1024 1702 1098; x_wconf 87' lang='lat' dir='ltr'>videtur,</span> <span class='ocrx_word' id='word_1_54' title='bbox 1753 1042 1897 1084; x_wconf 84' lang='lat' dir='ltr'>eam</span> <span class='ocrx_word' id='word_1_55' title='bbox 1943 1022 2030 1084; x_wconf 94' lang='lat' dir='ltr'>ob</span> <span class='ocrx_word' id='word_1_56' title='bbox 2081 1043 2215 1085; x_wconf 88' lang='lat' dir='ltr'>rem</span> <span class='ocrx_word' id='word_1_57' title='bbox 2241 1033 2312 1085; x_wconf 83' lang='lat' dir='ltr'>ut</span> <span class='ocrx_word' id='word_1_58' title='bbox 2336 1025 2544 1106; x_wconf 83' lang='lat' dir='ltr'>magis</span> 
     </span>
     <span class='ocr_line' id='line_1_8' title="bbox 357 1122 2543 1209; baseline 0.003 -26"><span class='ocrx_word' id='word_1_59' title='bbox 357 1122 637 1185; x_wconf 84' lang='lat' dir='ltr'>Palladis</span> <span class='ocrx_word' id='word_1_60' title='bbox 683 1145 750 1186; x_wconf 90' lang='lat' dir='ltr'>se</span> <span class='ocrx_word' id='word_1_61' title='bbox 796 1124 998 1187; x_wconf 89' lang='lat' dir='ltr'>filium</span> <span class='ocrx_word' id='word_1_62' title='bbox 1055 1125 1555 1206; x_wconf 65' lang='lat' dir='ltr'>profitereturssss)</span> <span class='ocrx_word' id='word_1_63' title='bbox 1618 1127 2067 1208; x_wconf 84' lang='lat' dir='ltr'>desumpsisse,</span> <span class='ocrx_word' id='word_1_64' title='bbox 2131 1128 2543 1209; x_wconf 86' lang='lat' dir='ltr'>desumptam</span> 
     </span>
    </p>
   </div>
   <div class='ocr_carea' id='block_1_3' title="bbox 320 1382 2545 4299">
    <p class='ocr_par' dir='ltr' id='par_1_3' title="bbox 359 1382 2545 1628">
     <span class='ocr_line' id='line_1_9' title="bbox 362 1382 2544 1453; baseline 0.003 -20"><span class='ocrx_word' id='word_1_65' title='bbox 362 1382 639 1447; x_wconf 83' lang='lat' dir='ltr'>Templum</span> <span class='ocrx_word' id='word_1_66' title='bbox 678 1385 856 1437; x_wconf 62' lang='lat' dir='ltr'>‘etiam</span> <span class='ocrx_word' id='word_1_67' title='bbox 903 1387 1125 1438; x_wconf 81' lang='lat' dir='ltr'>numini</span> <span class='ocrx_word' id='word_1_68' title='bbox 1171 1402 1274 1438; x_wconf 89' lang='lat' dir='ltr'>suo</span> <span class='ocrx_word' id='word_1_69' title='bbox 1322 1388 1415 1452; x_wconf 87' lang='lat' dir='ltr'>(sc.</span> <span class='ocrx_word' id='word_1_70' title='bbox 1457 1385 1748 1453; x_wconf 80' lang='lat' dir='ltr'>Caligulae)</span> <span class='ocrx_word' id='word_1_71' title='bbox 1796 1386 2101 1452; x_wconf 79' lang='lat' dir='ltr'>proprium,</span> <span class='ocrx_word' id='word_1_72' title='bbox 2152 1391 2202 1438; x_wconf 90' lang='lat' dir='ltr'>et</span> <span class='ocrx_word' id='word_1_73' title='bbox 2237 1385 2544 1439; x_wconf 77' lang='lat' dir='ltr'>sacerdotes</span> 
     </span>
     <span class='ocr_line' id='line_1_10' title="bbox 363 1471 2545 1538; baseline 0.002 -17"><span class='ocrx_word' id='word_1_74' title='bbox 363 1475 412 1520; x_wconf 82' lang='lat' dir='ltr'>et</span> <span class='ocrx_word' id='word_1_75' title='bbox 450 1471 946 1538; x_wconf 73' lang='lat' dir='ltr'>excoyitatissimas</span> <span class='ocrx_word' id='word_1_76' title='bbox 981 1472 1191 1525; x_wconf 82' lang='lat' dir='ltr'>hostias</span> <span class='ocrx_word' id='word_1_77' title='bbox 1226 1474 1491 1527; x_wconf 75' lang='lat' dir='ltr'>instituit.</span> <span class='ocrx_word' id='word_1_78' title='bbox 1567 1472 1642 1525; x_wconf 88' lang='lat' dir='ltr'>In</span> <span class='ocrx_word' id='word_1_79' title='bbox 1697 1473 1893 1538; x_wconf 81' lang='lat' dir='ltr'>templo</span> <span class='ocrx_word' id='word_1_80' title='bbox 1944 1472 2303 1526; x_wconf 78' lang='lat' dir='ltr'>simulacrum</span> <span class='ocrx_word' id='word_1_81' title='bbox 2357 1473 2545 1526; x_wconf 84' lang='lat' dir='ltr'>stabat</span> 
     </span>
     <span class='ocr_line' id='line_1_11' title="bbox 359 1559 2453 1628; baseline 0.004 -23"><span class='ocrx_word' id='word_1_82' title='bbox 359 1573 592 1608; x_wconf 72' lang='lat' dir='ltr'>(curcum</span> <span class='ocrx_word' id='word_1_83' title='bbox 628 1559 915 1622; x_wconf 84' lang='lat' dir='ltr'>iconicum,</span> <span class='ocrx_word' id='word_1_84' title='bbox 967 1560 1433 1626; x_wconf 66' lang='lat' dir='ltr'>civiticiebaturque</span> <span class='ocrx_word' id='word_1_85' title='bbox 1469 1560 1665 1613; x_wconf 81' lang='lat' dir='ltr'>cotidie</span> <span class='ocrx_word' id='word_1_86' title='bbox 1699 1565 1855 1622; x_wconf 76' lang='lat' dir='ltr'>veste,</span> <span class='ocrx_word' id='word_1_87' title='bbox 1882 1559 2037 1628; x_wconf 61' lang='lat' dir='ltr'>(guali</span> <span class='ocrx_word' id='word_1_88' title='bbox 2060 1561 2175 1624; x_wconf 80' lang='lat' dir='ltr'>ipse</span> <span class='ocrx_word' id='word_1_89' title='bbox 2191 1564 2453 1614; x_wconf 76' lang='lat' dir='ltr'>uteretur.</span> 
     </span>
    </p>

    <p class='ocr_par' dir='ltr' id='par_1_4' title="bbox 320 1640 2543 3272">
     <span class='ocr_line' id='line_1_12' title="bbox 531 1640 2542 1712; baseline 0.001 -18"><span class='ocrx_word' id='word_1_90' title='bbox 531 1641 599 1709; x_wconf 80' lang='lat'>³³)</span> <span class='ocrx_word' id='word_1_91' title='bbox 636 1640 833 1696; x_wconf 76' lang='lat' dir='ltr'>Iovis</span> <span class='ocrx_word' id='word_1_92' title='bbox 878 1643 1065 1709; x_wconf 85' lang='lat' dir='ltr'>aegida</span> <span class='ocrx_word' id='word_1_93' title='bbox 1100 1660 1282 1697; x_wconf 83' lang='lat' dir='ltr'>revera</span> <span class='ocrx_word' id='word_1_94' title='bbox 1317 1647 1555 1712; x_wconf 76' lang='lat' dir='ltr'>gestasse</span> <span class='ocrx_word' id='word_1_95' title='bbox 1605 1645 1889 1699; x_wconf 87' lang='lat' dir='ltr'>nonnullos</span> <span class='ocrx_word' id='word_1_96' title='bbox 1925 1648 2043 1698; x_wconf 86' lang='lat' dir='ltr'>tum</span> <span class='ocrx_word' id='word_1_97' title='bbox 2091 1645 2392 1711; x_wconf 85' lang='lat' dir='ltr'>temporum</span> <span class='ocrx_word' id='word_1_98' title='bbox 2439 1644 2542 1696; x_wconf 90' lang='lat' dir='ltr'>im-</span> 
     </span>
     <span class='ocr_line' id='line_1_13' title="bbox 356 1729 2542 1800; baseline 0.002 -21"><span class='ocrx_word' id='word_1_99' title='bbox 356 1730 623 1793; x_wconf 84' lang='lat' dir='ltr'>peratores</span> <span class='ocrx_word' id='word_1_100' title='bbox 680 1745 894 1796; x_wconf 85' lang='lat' dir='ltr'>prorsus</span> <span class='ocrx_word' id='word_1_101' title='bbox 948 1729 1187 1783; x_wconf 87' lang='lat' dir='ltr'>dilucide</span> <span class='ocrx_word' id='word_1_102' title='bbox 1231 1733 1411 1784; x_wconf 80' lang='lat' dir='ltr'>evinci</span> <span class='ocrx_word' id='word_1_103' title='bbox 1463 1735 1639 1799; x_wconf 84' lang='lat' dir='ltr'>potest</span> <span class='ocrx_word' id='word_1_104' title='bbox 1685 1749 1714 1785; x_wconf 94' lang='lat' dir='ltr'>e</span> <span class='ocrx_word' id='word_1_105' title='bbox 1760 1732 2141 1800; x_wconf 82' lang='lat' dir='ltr'>sphragidibus</span> <span class='ocrx_word' id='word_1_106' title='bbox 2198 1729 2542 1797; x_wconf 74' lang='lat' dir='ltr'>numinisque</span> 
     </span>
     <span class='ocr_line' id='line_1_14' title="bbox 355 1814 2542 1886; baseline 0.001 -21"><span class='ocrx_word' id='word_1_107' title='bbox 355 1814 722 1881; x_wconf 84' lang='lat' dir='ltr'>compluribus</span> <span class='ocrx_word' id='word_1_108' title='bbox 758 1816 985 1883; x_wconf 81' lang='lat' dir='ltr'>tempori</span> <span class='ocrx_word' id='word_1_109' title='bbox 1024 1817 1147 1870; x_wconf 88' lang='lat' dir='ltr'>inde</span> <span class='ocrx_word' id='word_1_110' title='bbox 1184 1835 1216 1870; x_wconf 89' lang='lat' dir='ltr'>a</span> <span class='ocrx_word' id='word_1_111' title='bbox 1253 1819 1428 1872; x_wconf 86' lang='lat' dir='ltr'>medio</span> <span class='ocrx_word' id='word_1_112' title='bbox 1478 1822 1667 1872; x_wconf 83' lang='lat' dir='ltr'>octavo</span> <span class='ocrx_word' id='word_1_113' title='bbox 1718 1834 1891 1886; x_wconf 84' lang='lat' dir='ltr'>usque</span> <span class='ocrx_word' id='word_1_114' title='bbox 1924 1819 2003 1871; x_wconf 71' lang='lat' dir='ltr'>ad</span> <span class='ocrx_word' id='word_1_115' title='bbox 2055 1817 2293 1870; x_wconf 89' lang='lat' dir='ltr'>medium</span> <span class='ocrx_word' id='word_1_116' title='bbox 2340 1832 2542 1869; x_wconf 90' lang='lat' dir='ltr'>nonum</span> 
     </span>
     <span class='ocr_line' id='line_1_15' title="bbox 360 1899 2543 1973; baseline 0.003 -22"><span class='ocrx_word' id='word_1_117' title='bbox 360 1899 421 1951; x_wconf 60' lang='lat' dir='ltr'>ll.</span> <span class='ocrx_word' id='word_1_118' title='bbox 462 1902 516 1954; x_wconf 88' lang='lat' dir='ltr'>C.</span> <span class='ocrx_word' id='word_1_119' title='bbox 557 1902 831 1955; x_wconf 85' lang='lat' dir='ltr'>saeculum</span> <span class='ocrx_word' id='word_1_120' title='bbox 868 1903 1185 1970; x_wconf 84' lang='lat' dir='ltr'>interposito</span> <span class='ocrx_word' id='word_1_121' title='bbox 1222 1905 1565 1971; x_wconf 86' lang='lat' dir='ltr'>addicendis;</span> <span class='ocrx_word' id='word_1_122' title='bbox 1616 1906 1680 1959; x_wconf 91' lang='lat' dir='ltr'>de</span> <span class='ocrx_word' id='word_1_123' title='bbox 1729 1922 1835 1973; x_wconf 79' lang='lat' dir='ltr'>qua</span> <span class='ocrx_word' id='word_1_124' title='bbox 1870 1921 1926 1957; x_wconf 88' lang='lat' dir='ltr'>re</span> <span class='ocrx_word' id='word_1_125' title='bbox 1964 1905 2029 1958; x_wconf 86' lang='lat' dir='ltr'>cf.</span> <span class='ocrx_word' id='word_1_126' title='bbox 2082 1906 2128 1957; x_wconf 90' lang='lat' dir='ltr'>le</span> <span class='ocrx_word' id='word_1_127' title='bbox 2164 1905 2543 1957; x_wconf 76' lang='lat' dir='ltr'>dictionnaire</span> 
     </span>
     <span class='ocr_line' id='line_1_16' title="bbox 355 1989 2541 2061; baseline 0.001 -20"><span class='ocrx_word' id='word_1_128' title='bbox 355 1989 446 2041; x_wconf 87' lang='lat' dir='ltr'>des</span> <span class='ocrx_word' id='word_1_129' title='bbox 508 1991 811 2058; x_wconf 64' lang='lat' dir='ltr'>antiquitas</span> <span class='ocrx_word' id='word_1_130' title='bbox 881 1990 1137 2059; x_wconf 70' lang='lat' dir='ltr'>yrecques</span> <span class='ocrx_word' id='word_1_131' title='bbox 1203 1999 1253 2047; x_wconf 88' lang='lat' dir='ltr'>et</span> <span class='ocrx_word' id='word_1_132' title='bbox 1313 1994 1609 2059; x_wconf 83' lang='lat' dir='ltr'>romaines,</span> <span class='ocrx_word' id='word_1_133' title='bbox 1672 1992 1891 2061; x_wconf 70' lang='lat' dir='ltr'>d&#39;apres</span> <span class='ocrx_word' id='word_1_134' title='bbox 1938 1993 2012 2046; x_wconf 91' lang='lat' dir='ltr'>les</span> <span class='ocrx_word' id='word_1_135' title='bbox 2071 1997 2241 2045; x_wconf 82' lang='lat' dir='ltr'>textes</span> <span class='ocrx_word' id='word_1_136' title='bbox 2288 1997 2402 2057; x_wconf 64' lang='lat' dir='ltr'>etc„</span> <span class='ocrx_word' id='word_1_137' title='bbox 2460 1991 2541 2044; x_wconf 90' lang='lat' dir='ltr'>ed.</span> 
     </span>
     <span class='ocr_line' id='line_1_17' title="bbox 356 2073 2542 2146; baseline 0.004 -23"><span class='ocrx_word' id='word_1_138' title='bbox 356 2073 897 2143; x_wconf 68' lang='lat' dir='ltr'>Daremberg-Saglm,</span> <span class='ocrx_word' id='word_1_139' title='bbox 934 2077 963 2130; x_wconf 88' lang='lat'>1</span> <span class='ocrx_word' id='word_1_140' title='bbox 994 2080 1289 2145; x_wconf 54' lang='lat' dir='ltr'>pg.103l4.,</span> <span class='ocrx_word' id='word_1_141' title='bbox 1332 2078 1589 2146; x_wconf 84' lang='lat' dir='ltr'>Legimus</span> <span class='ocrx_word' id='word_1_142' title='bbox 1629 2079 1732 2132; x_wconf 88' lang='lat' dir='ltr'>ibi:</span> <span class='ocrx_word' id='word_1_143' title='bbox 1770 2079 2082 2133; x_wconf 83' lang='lat' dir='ltr'>L&#39;attribut</span> <span class='ocrx_word' id='word_1_144' title='bbox 2118 2079 2184 2131; x_wconf 91' lang='lat' dir='ltr'>de</span> <span class='ocrx_word' id='word_1_145' title='bbox 2201 2078 2428 2143; x_wconf 80' lang='lat' dir='ltr'>Jupiter</span> <span class='ocrx_word' id='word_1_146' title='bbox 2464 2084 2542 2131; x_wconf 88' lang='lat' dir='ltr'>est</span> 
     </span>
     <span class='ocr_line' id='line_1_18' title="bbox 358 2163 2543 2235; baseline 0.001 -21"><span class='ocrx_word' id='word_1_147' title='bbox 358 2163 567 2217; x_wconf 81' lang='lat' dir='ltr'>devenu</span> <span class='ocrx_word' id='word_1_148' title='bbox 626 2182 706 2217; x_wconf 82' lang='lat' dir='ltr'>un</span> <span class='ocrx_word' id='word_1_149' title='bbox 774 2168 991 2235; x_wconf 72' lang='lat' dir='ltr'>insiyne</span> <span class='ocrx_word' id='word_1_150' title='bbox 1062 2167 1128 2220; x_wconf 87' lang='lat' dir='ltr'>de</span> <span class='ocrx_word' id='word_1_151' title='bbox 1200 2167 1257 2220; x_wconf 88' lang='lat' dir='ltr'>la</span> <span class='ocrx_word' id='word_1_152' title='bbox 1327 2168 1624 2232; x_wconf 76' lang='lat' dir='ltr'>puissance</span> <span class='ocrx_word' id='word_1_153' title='bbox 1685 2167 2025 2219; x_wconf 84' lang='lat' dir='ltr'>souveraine.</span> <span class='ocrx_word' id='word_1_154' title='bbox 2122 2164 2230 2218; x_wconf 88' lang='lat' dir='ltr'>Les</span> <span class='ocrx_word' id='word_1_155' title='bbox 2294 2163 2543 2233; x_wconf 75' lang='lat' dir='ltr'>Layides</span> 
     </span>
     <span class='ocr_line' id='line_1_19' title="bbox 352 2250 2541 2319; baseline 0.001 -18"><span class='ocrx_word' id='word_1_156' title='bbox 352 2250 607 2304; x_wconf 77' lang='lat' dir='ltr'>semblent</span> <span class='ocrx_word' id='word_1_157' title='bbox 657 2251 851 2305; x_wconf 80' lang='lat' dir='ltr'>l&#39;avoir</span> <span class='ocrx_word' id='word_1_158' title='bbox 900 2253 976 2306; x_wconf 85' lang='lat' dir='ltr'>les</span> <span class='ocrx_word' id='word_1_159' title='bbox 1020 2256 1281 2318; x_wconf 80' lang='lat' dir='ltr'>premiers</span> <span class='ocrx_word' id='word_1_160' title='bbox 1332 2253 1545 2319; x_wconf 70' lang='lat' dir='ltr'>adopte.</span> <span class='ocrx_word' id='word_1_161' title='bbox 1630 2253 1759 2306; x_wconf 86' lang='lat' dir='ltr'>Elle</span> <span class='ocrx_word' id='word_1_162' title='bbox 1808 2269 1876 2304; x_wconf 88' lang='lat' dir='ltr'>ne</span> <span class='ocrx_word' id='word_1_163' title='bbox 1922 2252 2118 2318; x_wconf 72' lang='lat' dir='ltr'>paruit</span> <span class='ocrx_word' id='word_1_164' title='bbox 2165 2264 2270 2318; x_wconf 81' lang='lat' dir='ltr'>pas</span> <span class='ocrx_word' id='word_1_165' title='bbox 2316 2268 2415 2304; x_wconf 84' lang='lat' dir='ltr'>sur</span> <span class='ocrx_word' id='word_1_166' title='bbox 2467 2252 2541 2304; x_wconf 88' lang='lat' dir='ltr'>les</span> 
     </span>
     <span class='ocr_line' id='line_1_20' title="bbox 356 2338 2541 2405; baseline 0.002 -16"><span class='ocrx_word' id='word_1_167' title='bbox 356 2339 640 2392; x_wconf 83' lang='lat' dir='ltr'>monnaies</span> <span class='ocrx_word' id='word_1_168' title='bbox 675 2339 770 2392; x_wconf 83' lang='lat' dir='ltr'>des</span> <span class='ocrx_word' id='word_1_169' title='bbox 804 2342 1069 2405; x_wconf 77' lang='lat' dir='ltr'>premiers</span> <span class='ocrx_word' id='word_1_170' title='bbox 1112 2338 1322 2405; x_wconf 66' lang='lat' dir='ltr'>Cestius,</span> <span class='ocrx_word' id='word_1_171' title='bbox 1361 2342 1504 2394; x_wconf 88' lang='lat' dir='ltr'>mais</span> <span class='ocrx_word' id='word_1_172' title='bbox 1556 2342 1680 2394; x_wconf 87' lang='lat' dir='ltr'>bien</span> <span class='ocrx_word' id='word_1_173' title='bbox 1715 2357 1815 2394; x_wconf 80' lang='lat' dir='ltr'>sur</span> <span class='ocrx_word' id='word_1_174' title='bbox 1864 2340 2009 2393; x_wconf 81' lang='lat' dir='ltr'>leurs</span> <span class='ocrx_word' id='word_1_175' title='bbox 2046 2340 2276 2405; x_wconf 77' lang='lat' dir='ltr'>camees,</span> <span class='ocrx_word' id='word_1_176' title='bbox 2344 2354 2541 2393; x_wconf 82' lang='lat' dir='ltr'>comme</span> 
     </span>
     <span class='ocr_line' id='line_1_21' title="bbox 356 2424 2541 2495; baseline 0.002 -20"><span class='ocrx_word' id='word_1_177' title='bbox 356 2439 453 2475; x_wconf 85' lang='lat' dir='ltr'>sur</span> <span class='ocrx_word' id='word_1_178' title='bbox 490 2424 630 2478; x_wconf 83' lang='lat' dir='ltr'>celui</span> <span class='ocrx_word' id='word_1_179' title='bbox 665 2425 744 2478; x_wconf 83' lang='lat' dir='ltr'>du</span> <span class='ocrx_word' id='word_1_180' title='bbox 779 2427 993 2481; x_wconf 79' lang='lat' dir='ltr'>cabinet</span> <span class='ocrx_word' id='word_1_181' title='bbox 1031 2428 1097 2480; x_wconf 89' lang='lat' dir='ltr'>de</span> <span class='ocrx_word' id='word_1_182' title='bbox 1132 2428 1405 2481; x_wconf 79' lang='lat' dir='ltr'>Florence</span> <span class='ocrx_word' id='word_1_183' title='bbox 1442 2456 1505 2463; x_wconf 89' lang='lat'>-—</span> <span class='ocrx_word' id='word_1_184' title='bbox 1547 2427 1618 2480; x_wconf 76' lang='lat' dir='ltr'>oe&#39;t</span> <span class='ocrx_word' id='word_1_185' title='bbox 1654 2428 1907 2495; x_wconf 78' lang='lat' dir='ltr'>Auyuste</span> <span class='ocrx_word' id='word_1_186' title='bbox 1942 2432 2024 2479; x_wconf 87' lang='lat' dir='ltr'>est</span> <span class='ocrx_word' id='word_1_187' title='bbox 2069 2427 2377 2491; x_wconf 58' lang='lat' dir='ltr'>represent&amp;</span> <span class='ocrx_word' id='word_1_188' title='bbox 2414 2443 2541 2480; x_wconf 84' lang='lat' dir='ltr'>avec</span> 
     </span>
     <span class='ocr_line' id='line_1_22' title="bbox 358 2509 2535 2579; baseline 0.001 -18"><span class='ocrx_word' id='word_1_189' title='bbox 358 2509 562 2579; x_wconf 71' lang='lat' dir='ltr'>l&#39;eyide‚</span> <span class='ocrx_word' id='word_1_190' title='bbox 614 2512 672 2565; x_wconf 87' lang='lat' dir='ltr'>la</span> <span class='ocrx_word' id='word_1_191' title='bbox 708 2511 811 2566; x_wconf 68' lang='lat' dir='ltr'>tete</span> <span class='ocrx_word' id='word_1_192' title='bbox 846 2514 1018 2567; x_wconf 84' lang='lat' dir='ltr'>ceinte</span> <span class='ocrx_word' id='word_1_193' title='bbox 1053 2514 1132 2566; x_wconf 76' lang='lat' dir='ltr'>da</span> <span class='ocrx_word' id='word_1_194' title='bbox 1169 2514 1430 2567; x_wconf 85' lang='lat' dir='ltr'>bandeau</span> <span class='ocrx_word' id='word_1_195' title='bbox 1465 2520 1518 2567; x_wconf 88' lang='lat' dir='ltr'>et</span> <span class='ocrx_word' id='word_1_196' title='bbox 1554 2519 1751 2567; x_wconf 86' lang='lat' dir='ltr'>tenant</span> <span class='ocrx_word' id='word_1_197' title='bbox 1787 2514 1835 2566; x_wconf 89' lang='lat' dir='ltr'>le</span> <span class='ocrx_word' id='word_1_198' title='bbox 1870 2518 2092 2578; x_wconf 70' lang='lat' dir='ltr'>saepire,</span> <span class='ocrx_word' id='word_1_199' title='bbox 2129 2530 2229 2565; x_wconf 83' lang='lat' dir='ltr'>sur</span> <span class='ocrx_word' id='word_1_200' title='bbox 2267 2513 2313 2566; x_wconf 87' lang='lat' dir='ltr'>le</span> <span class='ocrx_word' id='word_1_201' title='bbox 2347 2512 2535 2579; x_wconf 65' lang='lat' dir='ltr'>mand</span> 
     </span>
     <span class='ocr_line' id='line_1_23' title="bbox 320 2598 2537 2669; baseline 0.001 -21"><span class='ocrx_word' id='word_1_202' title='bbox 320 2643 325 2646; x_wconf 92' lang='lat'>.</span> <span class='ocrx_word' id='word_1_203' title='bbox 357 2600 533 2651; x_wconf 83' lang='lat' dir='ltr'>came&#39;e</span> <span class='ocrx_word' id='word_1_204' title='bbox 581 2598 646 2651; x_wconf 87' lang='lat' dir='ltr'>de</span> <span class='ocrx_word' id='word_1_205' title='bbox 682 2599 870 2665; x_wconf 67' lang='lat' dir='ltr'>Paris,</span> <span class='ocrx_word' id='word_1_206' title='bbox 926 2599 1113 2654; x_wconf 76' lang='lat' dir='ltr'>Tibere</span> <span class='ocrx_word' id='word_1_207' title='bbox 1161 2629 1228 2639; x_wconf 92' lang='lat'><em>—</em></span> <span class='ocrx_word' id='word_1_208' title='bbox 1263 2600 1536 2666; x_wconf 62' lang='lat' dir='ltr'>peut-&amp;tre</span> <span class='ocrx_word' id='word_1_209' title='bbox 1585 2607 1747 2655; x_wconf 86' lang='lat' dir='ltr'>est-ce</span> <span class='ocrx_word' id='word_1_210' title='bbox 1795 2618 1876 2653; x_wconf 89' lang='lat' dir='ltr'>un</span> <span class='ocrx_word' id='word_1_211' title='bbox 1922 2598 2154 2669; x_wconf 80' lang='lat' dir='ltr'>symbole</span> <span class='ocrx_word' id='word_1_212' title='bbox 2202 2598 2269 2652; x_wconf 88' lang='lat' dir='ltr'>de</span> <span class='ocrx_word' id='word_1_213' title='bbox 2306 2599 2361 2651; x_wconf 87' lang='lat' dir='ltr'>la</span> <span class='ocrx_word' id='word_1_214' title='bbox 2396 2600 2537 2664; x_wconf 70' lang='lat' dir='ltr'>paim</span> 
     </span>
     <span class='ocr_line' id='line_1_24' title="bbox 352 2684 2538 2756; baseline 0.001 -21"><span class='ocrx_word' id='word_1_215' title='bbox 352 2684 560 2738; x_wconf 77' lang='lat' dir='ltr'>donnee</span> <span class='ocrx_word' id='word_1_216' title='bbox 620 2703 696 2738; x_wconf 89' lang='lat' dir='ltr'>au</span> <span class='ocrx_word' id='word_1_217' title='bbox 750 2687 958 2740; x_wconf 83' lang='lat' dir='ltr'>monde.</span> <span class='ocrx_word' id='word_1_218' title='bbox 1023 2687 1138 2740; x_wconf 86' lang='lat' dir='ltr'>Une</span> <span class='ocrx_word' id='word_1_219' title='bbox 1189 2694 1375 2742; x_wconf 87' lang='lat' dir='ltr'>statue</span> <span class='ocrx_word' id='word_1_220' title='bbox 1430 2688 1497 2740; x_wconf 89' lang='lat' dir='ltr'>de</span> <span class='ocrx_word' id='word_1_221' title='bbox 1539 2687 1815 2756; x_wconf 71' lang='lat' dir='ltr'>Caliyula,</span> <span class='ocrx_word' id='word_1_222' title='bbox 1866 2685 2083 2739; x_wconf 76' lang='lat' dir='ltr'>trouvee</span> <span class='ocrx_word' id='word_1_223' title='bbox 2131 2685 2167 2736; x_wconf 81' lang='grc' dir='ltr'><em>ὰ</em></span> <span class='ocrx_word' id='word_1_224' title='bbox 2203 2684 2447 2749; x_wconf 71' lang='lat' dir='ltr'>Pompei,</span> <span class='ocrx_word' id='word_1_225' title='bbox 2501 2702 2538 2737; x_wconf 89' lang='lat' dir='ltr'>a</span> 
     </span>
     <span class='ocr_line' id='line_1_25' title="bbox 354 2770 2536 2840; baseline 0 -19"><span class='ocrx_word' id='word_1_226' title='bbox 354 2770 545 2839; x_wconf 72' lang='lat' dir='ltr'>l&#39;e&#39;yide</span> <span class='ocrx_word' id='word_1_227' title='bbox 590 2788 690 2824; x_wconf 81' lang='lat' dir='ltr'>sur</span> <span class='ocrx_word' id='word_1_228' title='bbox 738 2772 984 2840; x_wconf 56' lang='lat' dir='ltr'>z&#39;epaule</span> <span class='ocrx_word' id='word_1_229' title='bbox 1040 2773 1252 2828; x_wconf 79' lang='lat' dir='ltr'>Claude</span> <span class='ocrx_word' id='word_1_230' title='bbox 1300 2775 1358 2827; x_wconf 89' lang='lat' dir='ltr'>la</span> <span class='ocrx_word' id='word_1_231' title='bbox 1403 2779 1561 2839; x_wconf 78' lang='lat' dir='ltr'>porte</span> <span class='ocrx_word' id='word_1_232' title='bbox 1611 2774 1762 2826; x_wconf 74' lang='lat' dir='ltr'>ainsi</span> <span class='ocrx_word' id='word_1_233' title='bbox 1809 2771 2037 2839; x_wconf 74' lang='lat' dir='ltr'>ayrafee</span> <span class='ocrx_word' id='word_1_234' title='bbox 2071 2770 2217 2823; x_wconf 88' lang='lat' dir='ltr'>dans</span> <span class='ocrx_word' id='word_1_235' title='bbox 2254 2770 2303 2822; x_wconf 89' lang='lat' dir='ltr'>le</span> <span class='ocrx_word' id='word_1_236' title='bbox 2337 2785 2536 2822; x_wconf 85' lang='lat' dir='ltr'>monu-</span> 
     </span>
     <span class='ocr_line' id='line_1_26' title="bbox 356 2856 2539 2927; baseline -0 -18"><span class='ocrx_word' id='word_1_237' title='bbox 356 2863 501 2910; x_wconf 87' lang='lat' dir='ltr'>ment</span> <span class='ocrx_word' id='word_1_238' title='bbox 549 2856 616 2912; x_wconf 89' lang='lat' dir='ltr'>de</span> <span class='ocrx_word' id='word_1_239' title='bbox 661 2875 761 2912; x_wconf 87' lang='lat' dir='ltr'>son</span> <span class='ocrx_word' id='word_1_240' title='bbox 797 2861 1098 2927; x_wconf 77' lang='lat' dir='ltr'>apotheose,</span> <span class='ocrx_word' id='word_1_241' title='bbox 1150 2879 1227 2915; x_wconf 88' lang='lat' dir='ltr'>au</span> <span class='ocrx_word' id='word_1_242' title='bbox 1273 2862 1453 2915; x_wconf 76' lang='lat' dir='ltr'>masec</span> <span class='ocrx_word' id='word_1_243' title='bbox 1487 2861 1555 2914; x_wconf 87' lang='lat' dir='ltr'>de</span> <span class='ocrx_word' id='word_1_244' title='bbox 1590 2858 1841 2913; x_wconf 58' lang='lat' dir='ltr'>Madaerid.</span> <span class='ocrx_word' id='word_1_245' title='bbox 1921 2857 2009 2910; x_wconf 83' lang='lat' dir='ltr'>On</span> <span class='ocrx_word' id='word_1_246' title='bbox 2057 2857 2115 2909; x_wconf 87' lang='lat' dir='ltr'>la</span> <span class='ocrx_word' id='word_1_247' title='bbox 2161 2857 2275 2909; x_wconf 82' lang='lat' dir='ltr'>voit</span> <span class='ocrx_word' id='word_1_248' title='bbox 2320 2871 2421 2909; x_wconf 84' lang='lat' dir='ltr'>sur</span> <span class='ocrx_word' id='word_1_249' title='bbox 2462 2856 2539 2909; x_wconf 88' lang='lat' dir='ltr'>les</span> 
     </span>
     <span class='ocr_line' id='line_1_27' title="bbox 355 2941 2530 3014; baseline -0 -19"><span class='ocrx_word' id='word_1_250' title='bbox 355 2944 639 2997; x_wconf 86' lang='lat' dir='ltr'>monnaies</span> <span class='ocrx_word' id='word_1_251' title='bbox 674 2945 1073 3000; x_wconf 72' lang='lat' dir='ltr'>d&#39;Aleccandrie</span> <span class='ocrx_word' id='word_1_252' title='bbox 1109 2947 1146 2998; x_wconf 78' lang='lat' dir='ltr'>a</span> <span class='ocrx_word' id='word_1_253' title='bbox 1181 2945 1401 3014; x_wconf 70' lang='lat' dir='ltr'>l&#39;effiiyie</span> <span class='ocrx_word' id='word_1_254' title='bbox 1438 2947 1504 2999; x_wconf 90' lang='lat' dir='ltr'>de</span> <span class='ocrx_word' id='word_1_255' title='bbox 1542 2946 1749 3009; x_wconf 74' lang='lat' dir='ltr'>Neron,</span> <span class='ocrx_word' id='word_1_256' title='bbox 1787 2950 1838 2996; x_wconf 89' lang='lat' dir='ltr'>et</span> <span class='ocrx_word' id='word_1_257' title='bbox 1876 2944 1933 2997; x_wconf 88' lang='lat' dir='ltr'>la</span> <span class='ocrx_word' id='word_1_258' title='bbox 1967 2941 2230 3008; x_wconf 73' lang='lat' dir='ltr'>premiere</span> <span class='ocrx_word' id='word_1_259' title='bbox 2265 2943 2530 2995; x_wconf 84' lang='lat' dir='ltr'>monnaie</span> 
     </span>
     <span class='ocr_line' id='line_1_28' title="bbox 355 3027 2536 3100; baseline 0 -18"><span class='ocrx_word' id='word_1_260' title='bbox 355 3032 603 3084; x_wconf 79' lang='lat' dir='ltr'>romaine</span> <span class='ocrx_word' id='word_1_261' title='bbox 645 3048 744 3085; x_wconf 80' lang='lat' dir='ltr'>sur</span> <span class='ocrx_word' id='word_1_262' title='bbox 793 3033 1023 3100; x_wconf 79' lang='lat' dir='ltr'>laquelle</span> <span class='ocrx_word' id='word_1_263' title='bbox 1059 3033 1156 3085; x_wconf 89' lang='lat' dir='ltr'>elle</span> <span class='ocrx_word' id='word_1_264' title='bbox 1205 3035 1475 3099; x_wconf 74' lang='lat' dir='ltr'>apparuit</span> <span class='ocrx_word' id='word_1_265' title='bbox 1511 3039 1589 3086; x_wconf 85' lang='lat' dir='ltr'>est</span> <span class='ocrx_word' id='word_1_266' title='bbox 1641 3049 1724 3084; x_wconf 87' lang='lat' dir='ltr'>un</span> <span class='ocrx_word' id='word_1_267' title='bbox 1777 3031 1967 3083; x_wconf 82' lang='lat' dir='ltr'>denier</span> <span class='ocrx_word' id='word_1_268' title='bbox 2019 3027 2140 3082; x_wconf 81' lang='lat' dir='ltr'>d&#39;or</span> <span class='ocrx_word' id='word_1_269' title='bbox 2192 3028 2258 3081; x_wconf 89' lang='lat' dir='ltr'>dc</span> <span class='ocrx_word' id='word_1_270' title='bbox 2316 3027 2501 3082; x_wconf 81' lang='lat' dir='ltr'>Galba</span> <span class='ocrx_word' id='word_1_271' title='bbox 2517 3048 2536 3095; x_wconf 91' lang='grc'>,·</span> 
     </span>
     <span class='ocr_line' id='line_1_29' title="bbox 354 3115 2536 3185; baseline -0 -15"><span class='ocrx_word' id='word_1_272' title='bbox 354 3134 425 3171; x_wconf 77' lang='lat' dir='ltr'>on</span> <span class='ocrx_word' id='word_1_273' title='bbox 482 3119 540 3170; x_wconf 85' lang='lat' dir='ltr'>la</span> <span class='ocrx_word' id='word_1_274' title='bbox 593 3135 882 3185; x_wconf 76' lang='lat' dir='ltr'>remarque</span> <span class='ocrx_word' id='word_1_275' title='bbox 934 3121 1146 3171; x_wconf 80' lang='lat' dir='ltr'>ensuite</span> <span class='ocrx_word' id='word_1_276' title='bbox 1198 3135 1298 3172; x_wconf 76' lang='lat' dir='ltr'>sur</span> <span class='ocrx_word' id='word_1_277' title='bbox 1354 3119 1428 3172; x_wconf 89' lang='lat' dir='ltr'>les</span> <span class='ocrx_word' id='word_1_278' title='bbox 1475 3119 1762 3171; x_wconf 87' lang='lat' dir='ltr'>monnaies</span> <span class='ocrx_word' id='word_1_279' title='bbox 1810 3133 1883 3170; x_wconf 84' lang='lat' dir='ltr'>ou</span> <span class='ocrx_word' id='word_1_280' title='bbox 1928 3133 2027 3169; x_wconf 82' lang='lat' dir='ltr'>sur</span> <span class='ocrx_word' id='word_1_281' title='bbox 2076 3116 2151 3169; x_wconf 89' lang='lat' dir='ltr'>les</span> <span class='ocrx_word' id='word_1_282' title='bbox 2215 3115 2422 3168; x_wconf 72' lang='lat' dir='ltr'>camees</span> <span class='ocrx_word' id='word_1_283' title='bbox 2470 3115 2536 3169; x_wconf 86' lang='lat' dir='ltr'>de</span> 
     </span>
     <span class='ocr_line' id='line_1_30' title="bbox 349 3201 2322 3272; baseline -0.003 -15"><span class='ocrx_word' id='word_1_284' title='bbox 349 3205 625 3270; x_wconf 81' lang='lat' dir='ltr'>plusieurs</span> <span class='ocrx_word' id='word_1_285' title='bbox 661 3218 965 3270; x_wconf 79' lang='lat' dir='ltr'>empereurs</span> <span class='ocrx_word' id='word_1_286' title='bbox 1003 3202 1236 3272; x_wconf 87' lang='lat' dir='ltr'>(Saglio).</span> <span class='ocrx_word' id='word_1_287' title='bbox 1310 3203 1390 3256; x_wconf 91' lang='lat' dir='ltr'>De</span> <span class='ocrx_word' id='word_1_288' title='bbox 1427 3202 1736 3257; x_wconf 84' lang='lat' dir='ltr'>Domitiano</span> <span class='ocrx_word' id='word_1_289' title='bbox 1772 3202 1839 3255; x_wconf 80' lang='lat' dir='ltr'>cf.</span> <span class='ocrx_word' id='word_1_290' title='bbox 1876 3201 1995 3255; x_wconf 86' lang='lat' dir='ltr'>adn.</span> <span class='ocrx_word' id='word_1_291' title='bbox 2033 3203 2199 3254; x_wconf 81' lang='lat' dir='ltr'>nostr.</span> <span class='ocrx_word' id='word_1_292' title='bbox 2238 3206 2322 3258; x_wconf 85' lang='lat'>36.</span> 
     </span>
    </p>

    <p class='ocr_par' dir='ltr' id='par_1_5' title="bbox 353 3286 2534 3618">
     <span class='ocr_line' id='line_1_31' title="bbox 526 3286 2534 3360; baseline -0.001 -17"><span class='ocrx_word' id='word_1_293' title='bbox 526 3290 591 3360; x_wconf 79' lang='lat'>³⁴)</span> <span class='ocrx_word' id='word_1_294' title='bbox 633 3289 821 3343; x_wconf 86' lang='lat' dir='ltr'>Friedl.</span> <span class='ocrx_word' id='word_1_295' title='bbox 860 3291 989 3344; x_wconf 88' lang='lat' dir='ltr'>hist.</span> <span class='ocrx_word' id='word_1_296' title='bbox 1028 3306 1156 3343; x_wconf 89' lang='lat' dir='ltr'>mor.</span> <span class='ocrx_word' id='word_1_297' title='bbox 1194 3288 1316 3343; x_wconf 82' lang='lat'><strong>111⁵</strong></span> <span class='ocrx_word' id='word_1_298' title='bbox 1352 3307 1437 3359; x_wconf 87' lang='lat' dir='ltr'>pg.</span> <span class='ocrx_word' id='word_1_299' title='bbox 1474 3296 1608 3357; x_wconf 78' lang='lat'><strong>4333</strong></span> <span class='ocrx_word' id='word_1_300' title='bbox 1662 3289 1744 3342; x_wconf 86' lang='lat' dir='ltr'>ed.</span> <span class='ocrx_word' id='word_1_301' title='bbox 1781 3287 1809 3340; x_wconf 90' lang='grc' dir='ltr'>Ι</span> <span class='ocrx_word' id='word_1_302' title='bbox 1844 3288 1963 3341; x_wconf 86' lang='lat' dir='ltr'>adn.</span> <span class='ocrx_word' id='word_1_303' title='bbox 2001 3287 2068 3340; x_wconf 90' lang='lat' dir='ltr'>ad</span> <span class='ocrx_word' id='word_1_304' title='bbox 2105 3286 2211 3339; x_wconf 87' lang='lat' dir='ltr'>VH</span> <span class='ocrx_word' id='word_1_305' title='bbox 2249 3292 2275 3345; x_wconf 97' lang='lat'>1</span> <span class='ocrx_word' id='word_1_306' title='bbox 2314 3287 2534 3341; x_wconf 85' lang='lat' dir='ltr'>loricam</span> 
     </span>
     <span class='ocr_line' id='line_1_32' title="bbox 353 3375 2531 3445; baseline -0.001 -15"><span class='ocrx_word' id='word_1_307' title='bbox 353 3377 498 3432; x_wconf 83' lang='lat' dir='ltr'>illam</span> <span class='ocrx_word' id='word_1_308' title='bbox 539 3378 844 3432; x_wconf 84' lang='lat' dir='ltr'>Domitiano</span> <span class='ocrx_word' id='word_1_309' title='bbox 881 3377 989 3429; x_wconf 85' lang='lat' dir='ltr'>iam</span> <span class='ocrx_word' id='word_1_310' title='bbox 1025 3376 1194 3430; x_wconf 86' lang='lat' dir='ltr'>Roma</span> <span class='ocrx_word' id='word_1_311' title='bbox 1229 3379 1463 3445; x_wconf 88' lang='lat' dir='ltr'>profecto</span> <span class='ocrx_word' id='word_1_312' title='bbox 1499 3379 1556 3430; x_wconf 91' lang='lat' dir='ltr'>in</span> <span class='ocrx_word' id='word_1_313' title='bbox 1595 3376 1912 3430; x_wconf 82' lang='lat' dir='ltr'>Sarmatiam</span> <span class='ocrx_word' id='word_1_314' title='bbox 1947 3375 2170 3428; x_wconf 85' lang='lat' dir='ltr'>missam</span> <span class='ocrx_word' id='word_1_315' title='bbox 2218 3390 2337 3429; x_wconf 88' lang='lat' dir='ltr'>esse</span> <span class='ocrx_word' id='word_1_316' title='bbox 2387 3376 2531 3428; x_wconf 91' lang='lat' dir='ltr'>unde</span> 
     </span>
     <span class='ocr_line' id='line_1_33' title="bbox 353 3461 2533 3532; baseline -0.001 -15"><span class='ocrx_word' id='word_1_317' title='bbox 353 3466 643 3518; x_wconf 85' lang='lat' dir='ltr'>coniecerit</span> <span class='ocrx_word' id='word_1_318' title='bbox 676 3465 821 3517; x_wconf 84' lang='lat' dir='ltr'>haud</span> <span class='ocrx_word' id='word_1_319' title='bbox 858 3465 987 3518; x_wconf 90' lang='lat' dir='ltr'>scio.</span> <span class='ocrx_word' id='word_1_320' title='bbox 1043 3464 1436 3532; x_wconf 62' lang='lat' dir='ltr'>Epigrammata</span> <span class='ocrx_word' id='word_1_321' title='bbox 1456 3463 1563 3518; x_wconf 91' lang='lat' dir='ltr'>VII</span> <span class='ocrx_word' id='word_1_322' title='bbox 1596 3469 1623 3521; x_wconf 92' lang='lat'>1</span> <span class='ocrx_word' id='word_1_323' title='bbox 1662 3461 1823 3516; x_wconf 84' lang='lat' dir='ltr'>talem</span> <span class='ocrx_word' id='word_1_324' title='bbox 1860 3461 2179 3515; x_wconf 83' lang='lat' dir='ltr'>sententiam</span> <span class='ocrx_word' id='word_1_325' title='bbox 2216 3461 2399 3515; x_wconf 84' lang='lat' dir='ltr'>fulciri</span> <span class='ocrx_word' id='word_1_326' title='bbox 2435 3462 2533 3515; x_wconf 81' lang='lat' dir='ltr'>vix</span> 
     </span>
     <span class='ocr_line' id='line_1_34' title="bbox 356 3552 868 3618; baseline 0.006 -15"><span class='ocrx_word' id='word_1_327' title='bbox 356 3555 484 3618; x_wconf 90' lang='lat' dir='ltr'>puto</span> <span class='ocrx_word' id='word_1_328' title='bbox 522 3552 868 3606; x_wconf 81' lang='lat' dir='ltr'>concesseris,</span> 
     </span>
    </p>

    <p class='ocr_par' dir='ltr' id='par_1_6' title="bbox 351 3635 2533 4041">
     <span class='ocr_line' id='line_1_35' title="bbox 528 3635 2533 3706; baseline -0.001 -14"><span class='ocrx_word' id='word_1_329' title='bbox 528 3639 597 3703; x_wconf 69' lang='lat'>⁸⁵)</span> <span class='ocrx_word' id='word_1_330' title='bbox 635 3639 1017 3706; x_wconf 77' lang='lat' dir='ltr'>Superstitlose</span> <span class='ocrx_word' id='word_1_331' title='bbox 1083 3639 1228 3691; x_wconf 87' lang='lat' dir='ltr'>enim</span> <span class='ocrx_word' id='word_1_332' title='bbox 1284 3655 1464 3692; x_wconf 83' lang='lat' dir='ltr'>revera</span> <span class='ocrx_word' id='word_1_333' title='bbox 1524 3637 1894 3690; x_wconf 85' lang='lat' dir='ltr'>Domitianum</span> <span class='ocrx_word' id='word_1_334' title='bbox 1949 3636 2180 3690; x_wconf 85' lang='lat' dir='ltr'>coluisse</span> <span class='ocrx_word' id='word_1_335' title='bbox 2234 3635 2533 3690; x_wconf 76' lang='lat' dir='ltr'>Minervam</span> 
     </span>
     <span class='ocr_line' id='line_1_36' title="bbox 351 3719 2531 3798; baseline -0.002 -19"><span class='ocrx_word' id='word_1_336' title='bbox 351 3727 415 3779; x_wconf 86' lang='lat' dir='ltr'>ab</span> <span class='ocrx_word' id='word_1_337' title='bbox 452 3742 619 3794; x_wconf 89' lang='lat' dir='ltr'>eaque</span> <span class='ocrx_word' id='word_1_338' title='bbox 657 3719 923 3782; x_wconf 62' lang='lat' dir='ltr'>&#39;vindicari</span> <span class='ocrx_word' id='word_1_339' title='bbox 975 3742 1031 3779; x_wconf 91' lang='lat' dir='ltr'>se</span> <span class='ocrx_word' id='word_1_340' title='bbox 1067 3744 1097 3778; x_wconf 85' lang='lat' dir='ltr'>a</span> <span class='ocrx_word' id='word_1_341' title='bbox 1132 3724 1390 3793; x_wconf 82' lang='lat' dir='ltr'>periculis</span> <span class='ocrx_word' id='word_1_342' title='bbox 1439 3724 1736 3778; x_wconf 87' lang='lat' dir='ltr'>credidisse</span> <span class='ocrx_word' id='word_1_343' title='bbox 1786 3724 2031 3778; x_wconf 85' lang='lat' dir='ltr'>Suetonii</span> <span class='ocrx_word' id='word_1_344' title='bbox 2061 3724 2207 3798; x_wconf 43' lang='lat' dir='ltr'>·(vit.</span> <span class='ocrx_word' id='word_1_345' title='bbox 2246 3723 2399 3777; x_wconf 87' lang='lat' dir='ltr'>Dom.</span> <span class='ocrx_word' id='word_1_346' title='bbox 2439 3725 2531 3792; x_wconf 83' lang='lat'>15)</span> 
     </span>
     <span class='ocr_line' id='line_1_37' title="bbox 356 3807 2532 3880; baseline 0 -16"><span class='ocrx_word' id='word_1_347' title='bbox 356 3815 512 3866; x_wconf 82' lang='lat' dir='ltr'>verba</span> <span class='ocrx_word' id='word_1_348' title='bbox 530 3812 843 3866; x_wconf 85' lang='lat' dir='ltr'>confirmant</span> <span class='ocrx_word' id='word_1_349' title='bbox 861 3813 1018 3865; x_wconf 82' lang='lat' dir='ltr'>haec:</span> <span class='ocrx_word' id='word_1_350' title='bbox 1049 3814 1387 3878; x_wconf 83' lang='lat' dir='ltr'>Minervam,</span> <span class='ocrx_word' id='word_1_351' title='bbox 1407 3830 1576 3880; x_wconf 76' lang='lat' dir='ltr'>qua-m</span> <span class='ocrx_word' id='word_1_352' title='bbox 1594 3814 1966 3878; x_wconf 82' lang='lat' dir='ltr'>superstitiose</span> <span class='ocrx_word' id='word_1_353' title='bbox 1985 3807 2208 3877; x_wconf 75' lang='lat' dir='ltr'>colebat,</span> <span class='ocrx_word' id='word_1_354' title='bbox 2227 3813 2532 3865; x_wconf 80' lang='lat' dir='ltr'>somniavit</span> 
     </span>
     <span class='ocr_line' id='line_1_38' title="bbox 353 3898 2533 3969; baseline -0 -17"><span class='ocrx_word' id='word_1_355' title='bbox 353 3901 604 3955; x_wconf 78' lang='lat' dir='ltr'>eoecedere</span> <span class='ocrx_word' id='word_1_356' title='bbox 637 3904 904 3966; x_wconf 78' lang='lat' dir='ltr'>sacrario,</span> <span class='ocrx_word' id='word_1_357' title='bbox 942 3907 1233 3969; x_wconf 71' lang='lat' dir='ltr'>neyantem</span> <span class='ocrx_word' id='word_1_358' title='bbox 1268 3900 1424 3953; x_wconf 86' lang='lat' dir='ltr'>ultra</span> <span class='ocrx_word' id='word_1_359' title='bbox 1450 3915 1507 3951; x_wconf 87' lang='lat' dir='ltr'>se</span> <span class='ocrx_word' id='word_1_360' title='bbox 1537 3902 1679 3951; x_wconf 82' lang='lat' dir='ltr'>tueri</span> <span class='ocrx_word' id='word_1_361' title='bbox 1706 3915 1827 3952; x_wconf 85' lang='lat' dir='ltr'>eum</span> <span class='ocrx_word' id='word_1_362' title='bbox 1855 3912 2025 3964; x_wconf 81' lang='lat' dir='ltr'>posse,</span> <span class='ocrx_word' id='word_1_363' title='bbox 2065 3898 2210 3968; x_wconf 81' lang='lat' dir='ltr'>quod</span> <span class='ocrx_word' id='word_1_364' title='bbox 2238 3904 2533 3951; x_wconf 77' lang='lat' dir='ltr'>exarmata</span> 
     </span>
     <span class='ocr_line' id='line_1_39' title="bbox 352 3981 1937 4041; baseline 0.001 -2"><span class='ocrx_word' id='word_1_365' title='bbox 352 3994 483 4041; x_wconf 87' lang='lat' dir='ltr'>esset</span> <span class='ocrx_word' id='word_1_366' title='bbox 521 4010 554 4041; x_wconf 82' lang='lat' dir='ltr'>a</span> <span class='ocrx_word' id='word_1_367' title='bbox 592 3988 736 4041; x_wconf 86' lang='lat' dir='ltr'>Iove.</span> <span class='ocrx_word' id='word_1_368' title='bbox 1929 3981 1937 3990; x_wconf 77' lang='grc'><strong><em>’</em></strong></span> 
     </span>
    </p>

    <p class='ocr_par' dir='ltr' id='par_1_7' title="bbox 354 4068 2529 4216">
     <span class='ocr_line' id='line_1_40' title="bbox 526 4068 2529 4143; baseline -0.003 -16"><span class='ocrx_word' id='word_1_369' title='bbox 526 4072 595 4143; x_wconf 76' lang='lat'>³⁶)</span> <span class='ocrx_word' id='word_1_370' title='bbox 634 4074 712 4128; x_wconf 85' lang='lat' dir='ltr'>Cf.</span> <span class='ocrx_word' id='word_1_371' title='bbox 764 4089 960 4140; x_wconf 86' lang='lat' dir='ltr'>quaeso</span> <span class='ocrx_word' id='word_1_372' title='bbox 997 4072 1150 4125; x_wconf 84' lang='lat' dir='ltr'>Mart.</span> <span class='ocrx_word' id='word_1_373' title='bbox 1187 4071 1265 4124; x_wconf 87' lang='lat' dir='ltr'>lV</span> <span class='ocrx_word' id='word_1_374' title='bbox 1299 4070 1393 4138; x_wconf 79' lang='lat'>1⁶3</span> <span class='ocrx_word' id='word_1_375' title='bbox 1441 4069 1490 4121; x_wconf 93' lang='lat' dir='ltr'><strong>V</strong></span> <span class='ocrx_word' id='word_1_376' title='bbox 1523 4071 1620 4136; x_wconf 80' lang='lat'>2⁷3</span> <span class='ocrx_word' id='word_1_377' title='bbox 1671 4069 1747 4121; x_wconf 78' lang='lat' dir='ltr'>VI</span> <span class='ocrx_word' id='word_1_378' title='bbox 1786 4076 1879 4136; x_wconf 76' lang='lat'>103</span> <span class='ocrx_word' id='word_1_379' title='bbox 1929 4068 2062 4123; x_wconf 84' lang='lat' dir='ltr'>VIII</span> <span class='ocrx_word' id='word_1_380' title='bbox 2101 4070 2195 4135; x_wconf 79' lang='lat'>1⁴3</span> <span class='ocrx_word' id='word_1_381' title='bbox 2242 4070 2298 4121; x_wconf 91' lang='lat' dir='ltr'>in</span> <span class='ocrx_word' id='word_1_382' title='bbox 2336 4068 2529 4136; x_wconf 86' lang='lat' dir='ltr'>primis</span> 
     </span>
     <span class='ocr_line' id='line_1_41' title="bbox 354 4154 2529 4216; baseline -0.003 -5"><span class='ocrx_word' id='word_1_383' title='bbox 354 4159 434 4213; x_wconf 90' lang='lat' dir='ltr'>IX</span> <span class='ocrx_word' id='word_1_384' title='bbox 473 4161 565 4216; x_wconf 80' lang='lat'>3¹⁰</span> <span class='ocrx_word' id='word_1_385' title='bbox 601 4161 665 4213; x_wconf 87' lang='lat' dir='ltr'>de</span> <span class='ocrx_word' id='word_1_386' title='bbox 702 4158 997 4212; x_wconf 85' lang='lat' dir='ltr'>Domitiani</span> <span class='ocrx_word' id='word_1_387' title='bbox 1035 4176 1157 4212; x_wconf 87' lang='lat' dir='ltr'>cum</span> <span class='ocrx_word' id='word_1_388' title='bbox 1197 4160 1293 4212; x_wconf 85' lang='lat' dir='ltr'>dea</span> <span class='ocrx_word' id='word_1_389' title='bbox 1327 4158 1421 4211; x_wconf 87' lang='lat' dir='ltr'>illa</span> <span class='ocrx_word' id='word_1_390' title='bbox 1457 4156 1870 4210; x_wconf 84' lang='lat' dir='ltr'>necessitudine.</span> <span class='ocrx_word' id='word_1_391' title='bbox 1942 4156 2058 4209; x_wconf 86' lang='lat' dir='ltr'>Neo</span> <span class='ocrx_word' id='word_1_392' title='bbox 2095 4155 2278 4209; x_wconf 88' lang='lat' dir='ltr'>minus</span> <span class='ocrx_word' id='word_1_393' title='bbox 2313 4154 2529 4207; x_wconf 81' lang='lat' dir='ltr'>aliunde</span> 
     </span>
    </p>

    <p class='ocr_par' dir='ltr' id='par_1_8' title="bbox 2168 4259 2217 4299">
     <span class='ocr_line' id='line_1_42' title="bbox 2168 4259 2217 4299; baseline 0 -16"><span class='ocrx_word' id='word_1_394' title='bbox 2168 4259 2217 4299; x_wconf 64' lang='grc'>4*</span> 
     </span>
    </p>
   </div>
  </div>
 </body>
</html>
