3031 4640
334 369 414 434 12

329 541 665 631 ἀνθρώπους
711 543 854 605 illos
899 544 1007 624 qui
1056 542 1337 623 undique
1360 541 1645 602 Romam
1686 540 2139 604 confluxerant
2162 544 2233 604 ut
2255 562 2523 604 munera

335 647 733 729 amplissima
779 667 818 708 a
864 646 1020 709 Tito
1065 667 1122 709 a.
1168 645 1254 708 80
1298 645 1474 707 edita
1520 654 1905 725 spectarent.
2005 646 2258 708 Revera
2302 654 2522 708 autem

330 760 467 813 tam
536 750 709 813 lauta
774 749 966 812 fuisse
1033 748 1141 811 illa
1210 768 1475 811 munera
1542 757 1613 810 ut
1688 749 2018 831 ingentem
2096 750 2522 812 barbarorum

333 854 809 918 multitudinem
877 852 1132 915 allicere
1199 861 1465 934 possent
1533 872 1569 913 e
1636 852 2028 933 scriptorum
2094 855 2309 916 verbis
2376 874 2522 917 con·

331 957 593 1020 cludere
638 957 803 1019 licet.
826 955 872 1035 7)
943 954 1174 1018 Altera
1220 956 1484 1036 quidem
1533 976 1618 1017 ex
1664 965 1851 1036 parte
1896 956 2347 1020 Domitianum
2395 979 2524 1021 non

332 1062 533 1124 modo
618 1069 688 1122 ut
756 1059 1154 1141 triumphum
1223 1059 1547 1121 Dacicum
1628 1060 2062 1142 victoriasque
2130 1059 2525 1124 Sarmaticas

341 1165 539 1246 digne
585 1164 838 1225 efferret
882 1162 1376 1245 apparatissima
1421 1163 1702 1225 edidisse
1751 1185 2016 1228 munera
2074 1166 2260 1227 sicuti
2308 1165 2524 1228 testifi-

330 1256 557 1331 cantur
609 1269 743 1331 Dio
780 1265 1099 1331 LXV118
1146 1264 1293 1349 μετὰ
1341 1263 1407 1328 δὲ
1452 1271 1638 1329 ταῦτα
1686 1267 1745 1347 (i.
1793 1288 1848 1330 e.
1896 1267 2139 1331 bellum
2175 1269 2520 1347 Dacicum)

332 1370 537 1456 ἑορτάς
582 1394 739 1442 τινας
783 1365 1145 1454 νικητηρίους
1192 1370 1373 1452 δῆθεν
1419 1371 1696 1433 ἐπιτελῶν
1737 1368 1966 1453 ἀγῶνας
1999 1373 2247 1458 συχνοὺς
2279 1370 2523 1455 ἐποίησε

329 1485 396 1538 et
419 1474 735 1539 Martialis
783 1475 882 1554 (cf.
911 1475 1070 1536 VIII
1115 1474 1218 1537 26.
1241 1473 1343 1539 30.
1387 1473 1489 1538 55.
1542 1474 1645 1538 78.
1694 1473 1815 1556 803
1862 1476 2070 1538 addas
2114 1476 2216 1539 50.
2262 1475 2349 1540 54
2394 1476 2520 1551 al.),

331 1581 454 1642 sed
524 1580 720 1648 etiam
791 1580 983 1642 omni·
1034 1589 1329 1660 tempore
1410 1577 1650 1640 talibus
1732 1579 2119 1660 spectaculis
2186 1581 2523 1643 indulsisse

328 1683 587 1758 scimuS,
636 1683 712 1745 cf.
767 1681 942 1745 Suet.
974 1684 1171 1746 Dom.
1219 1682 1263 1744 4
1322 1681 1697 1763 Spectacula
1758 1682 2019 1744 assidue
2071 1684 2421 1766 magnifica
2467 1695 2531 1745 et

331 1799 701 1869 sumptuosa
748 1770 964 1859 edidit,
1015 1808 1135 1848 non
1178 1788 1245 1848 in
1292 1786 1768 1867 amphitheatro
1812 1786 2014 1859 moda,
2078 1807 2306 1848 verum
2352 1797 2415 1849 et
2453 1788 2521 1848 in

330 1893 512 1954 circa.
603 1891 743 1952 Nec
788 1890 1110 1972 prioribus
1155 1890 1405 1972 imperii
1452 1890 1635 1951 annis
1681 1888 1958 1953 defuisse
2002 1891 2060 1952 ei
2108 1890 2519 1952 occasionem

333 1995 514 2058 cuius
581 1986 792 2077 gratia
857 2004 992 2057 tam
1062 1993 1441 2076 magnificos
1508 1991 1698 2054 ludos
1766 2002 1837 2056 ut
1903 1995 2188 2075 undique
2262 1995 2522 2058 barbari

331 2099 614 2161 Romam
662 2107 1114 2169 concurrerent
1158 2097 1510 2179 spectaturi
1559 2096 1754 2159 edere
1799 2098 2116 2179 potuisset
2172 2099 2238 2160 in
2291 2108 2522 2180 aperto

234 2222 245 2228 ·
332 2211 446 2264 est.
571 2200 1145 2283 Opportunitatem
1219 2196 1374 2262 satis
1448 2200 1751 2262 idoneam
1829 2222 1957 2283 qua
2030 2201 2183 2264 talia
2258 2223 2522 2265 munera

330 2306 672 2370 ederentur
702 2305 1082 2369 Domitiano
1114 2305 1295 2368 dedit
1327 2304 1688 2387 triumphus
1715 2302 2080 2383 Chatticus3
2105 2316 2382 2389 suntque
2407 2307 2516 2389 qui

220 2499 225 2503 .
331 2410 851 2492 epigrammaton
910 2407 1197 2471 libellum
1258 2410 1540 2472 edidisse
1598 2419 1862 2492 poetam
1925 2418 1995 2471 ut
2054 2410 2352 2473 ludorum
2414 2410 2521 2473 illa

331 2513 643 2576 solemnia
689 2513 988 2576 laudibus
1034 2513 1375 2576 illustraret
1418 2521 1707 2575 statuant
1749 2513 1948 2575 veluti
1997 2512 2328 2577 Stobbeus
2372 2515 2410 2577 1.
2461 2535 2518 2577 c.

331 2638 440 2699 pg.
492 2617 574 2681 78
624 2619 944 2699 (quamvis
989 2617 1403 2698 dubitanter).
1496 2616 1793 2679 Tertium
1851 2626 2070 2680 tamen
2130 2619 2332 2700 epigr.
2391 2639 2522 2680 non

333 2722 544 2803 magis
589 2722 641 2784 si
689 2731 936 2784 rectum
982 2722 1174 2784 video
1219 2722 1305 2783 ad
1352 2721 1802 2784 Domitianum
1847 2721 2080 2784 referre
2127 2721 2279 2786 licet
2322 2743 2520 2803 quam

331 2825 548 2907 priora
593 2826 742 2889 duo.
820 2811 991 2888 Nam
1037 2825 1386 2907 permirum
1433 2834 1604 2887 esset
1626 2824 1990 2887 Martialem
2038 2827 2523 2907 opportunitate

331 2930 662 2991 canendae
728 2925 1035 3013 victoriae
1106 2925 1460 2992 Caesareae
1529 2929 1683 2991 data
1756 2964 1840 2973 —
1915 2928 2293 3010 praesertim
2370 2950 2519 2992 cum

331 3055 388 3095 v.
441 3034 499 3097 9.
547 3033 667 3114 ipsi
717 3032 1035 3096 Sicambri
1057 3031 1100 3111 ⁸)
1149 3041 1693 3096 memorentur—
1720 3033 2012 3095 omisisse
2060 3032 2322 3095 omnino
2369 3053 2521 3095 cum

510 3205 551 3272 ⁷)
618 3203 723 3258 Dio
770 3202 951 3257 LXVI
997 3208 1065 3261 25
1121 3201 1181 3257 τὸ
1231 3205 1287 3259 δὲ
1335 3203 1399 3277 δὴ
1447 3204 1670 3277 θέατρον
1719 3200 1779 3256 τὸ
1827 3202 2161 3275 κυνηγετικὸν
2201 3243 2213 3255 .
2254 3244 2266 3256 .
2304 3201 2521 3278 ἱερεύσας

331 3289 501 3345 πολλὰ
549 3293 639 3345 καὶ
685 3289 964 3362 θαυμαστὰ
1011 3292 1240 3363 ἐποίησε.
1340 3294 1421 3344 Ac
1469 3289 1648 3358 paullo
1693 3289 1843 3356 post:
1904 3293 2070 3342 ταῦτα
2132 3294 2225 3362 μὲν
2287 3292 2339 3351 ἐς
2402 3286 2518 3365 ὄψιν

332 3373 534 3449 ἥκοντα
570 3379 660 3431 καὶ
700 3374 774 3452 ἐφ’
818 3375 1007 3431 ἑκατὸν
1044 3373 1245 3450 ἡμέρας
1300 3379 1521 3449 ἐγένετο.
1639 3376 1787 3429 Suet.
1824 3373 1927 3430 Tit.
1967 3380 1998 3432 7
2013 3393 2025 3427 ;
2100 3377 2525 3443 Amphitheatro

329 3463 584 3540 dedicato
621 3502 633 3515 .
673 3509 684 3520 .
725 3509 737 3520 .
775 3482 980 3519 munus
1028 3465 1203 3520 edidit
1258 3465 1757 3532 apparatissimum
1793 3463 2291 3531 laryissimumqwe.
2382 3460 2516 3517 Eus,

333 3548 401 3603 ad
437 3566 488 3605 a.
508 3552 674 3607 2095:
714 3551 872 3606 Titus
909 3552 1374 3619 amphitheatrum
1410 3551 1621 3606 Romae
1658 3549 1976 3616 aedificavit
2007 3553 2059 3602 et
2088 3549 2152 3601 in
2169 3548 2519 3603 dedicatione

333 3638 450 3690 eius
496 3636 549 3689 V
576 3637 731 3691 milia
765 3638 1017 3704 ferarum
1053 3639 1262 3693 occidit.
1333 3636 1486 3690 Idem
1521 3635 1741 3701 Eutrop.
1782 3632 2006 3687 breviar.
2046 3631 2153 3685 VH
2187 3635 2253 3691 21
2292 3634 2430 3686 extr.

507 3722 553 3789 ⁸)
591 3721 726 3776 Cum
775 3724 973 3792 quibus
1021 3741 1128 3778 una
1175 3740 1301 3778 cum
1338 3723 1547 3778 Chattis
1595 3737 1707 3775 rem
1754 3719 1924 3774 fuisse
1961 3718 2269 3773 Domitiano
2318 3735 2348 3772 e
2397 3718 2520 3774 Iuv.

332 3809 431 3862 sat.
469 3807 548 3862 IV
589 3814 688 3868 144
724 3825 802 3878 sq.
840 3811 1049 3866 evadit:

747 3899 912 3952 misso
944 3910 1190 3964 proceres
1225 3898 1373 3951 exire
1407 3896 1688 3961 iubentur,

479 3984 739 4050 ConciliO,
780 4000 915 4053 quos
951 3983 1235 4038 Albanam
1270 3983 1389 4036 dux
1425 3998 1662 4050 magnus
1696 3983 1761 4035 in
1797 3997 1979 4036 arcem

476 4071 751 4124 Traxerat
787 4069 1052 4124 attonitos
1087 4075 1139 4123 et
1170 4069 1441 4135 festinare
1477 4074 1706 4135 coact08,

477 4157 771 4225 Tanquam
808 4156 873 4210 de
918 4154 1209 4209 Chattis
1247 4155 1463 4223 aliquid
1498 4157 1865 4222 torvisque
1901 4152 2296 4209 Sicambris

472 4243 747 4296 Dicturus
786 4285 797 4296 .
838 4279 851 4292 .
891 4279 903 4292 .
