3031 4640
539 332 621 396 82

541 527 582 590 4
661 508 952 580 Denare,
1045 504 1373 568 wdlzrend
1440 504 1561 568 der
1636 502 2038 587 Ladenpreis
2110 502 2234 567 mit
2287 502 2576 586 paenula
2650 526 2732 567 zu
2797 504 2800 511 ⁴

529 628 580 689 5
655 609 966 674 Denaren
1039 613 1206 691 stieg
1282 609 1510 689 (Mart.
1591 610 1637 670 J
1701 625 1848 690 117,
1931 611 2035 689 17)
2060 635 2079 671 .-
2172 610 2349 672 bez'de
2415 609 2731 689 Angaben

537 716 852 789 summm,
901 716 1025 776 wie
1070 737 1228 777 man·
1269 714 1452 786 sieltt,
1503 714 1661 776 selu*
1694 726 1822 795 gut
1853 724 1940 776 'zu
1987 715 2316 787 einander,
2347 715 2525 794 falls
2575 735 2730 776 man

537 821 785 889 mez'ner
842 819 1333 900 Interpretation
1369 820 1582 899 folgt:
1655 840 1822 900 quae
1892 819 2245 882 sententiae
2315 818 2744 900 comprobari*

539 924 714 986 nullo
784 926 984 986 modo
1051 933 1356 1005 possunt.-
1432 923 1603 985 Nam
1688 960 1773 968 ——
1857 933 1927 985 ut
1998 923 2296 985 omittam
2366 944 2531 1004 quae
2600 915 2728 984 iam

539 1028 775 1090 Friedl.
838 1029 1121 1110 perbene
1184 1029 1383 1090 mirae
1430 1028 1615 1091 Birtii
1678 1029 2030 1090 sententiae
2094 1029 2176 1090 de
2232 1050 2289 1089 v.
2334 1028 2376 1089 4
2437 1026 2729 1108 prolatae
2793 1062 2798 1069 ·

540 1141 670 1219 (aut
714 1163 784 1181 z
829 1135 915 1213 et)
963 1133 1285 1215 opposuit,
1337 1132 1412 1194 cf.
1469 1134 1616 1195 adn.
1681 1134 1765 1197 ad
1811 1133 1839 1194 Ι
1887 1131 2069 1217 663s4
2126 1169 2210 1176 -
2270 1133 2509 1194 Birtius
2571 1132 2730 1193 mire
2793 1160 2798 1165 ·

538 1238 699 1300 illud
746 1258 1009 1300 enorme
1056 1238 1218 1300 inter
1263 1237 1514 1299 libellos
1562 1237 1591 1298 I
1632 1247 1695 1299 et
1727 1237 1881 1299 XIII
1927 1238 2114 1318 pretii
2163 1238 2508 1299 discrimen
2554 1235 2731 1298 nullo

539 1343 741 1406 modo
785 1342 1106 1424 probabili
1153 1343 1480 1423 explicare
1528 1350 1771 1423 potest:
1845 1352 2070 1406 teneas
2109 1343 2281 1404 enim'
2326 1361 2586 1403 necesse
2633 1349 2731 1402 est

539 1457 910 1510 constanter
977 1448 1185 1508 virum
1256 1447 1433 1510 illum
1503 1448 1771 1511 doctum
1854 1467 2002 1511 cum
2082 1447 2342 1508 chartae
2412 1445 2733 1508 concedat

536 1552 850 1615 vilitatem
920 1550 1426 1633 haudquaquam
1484 1552 1660 1633 loqui
1720 1552 1801 1613 de
1857 1551 2076 1614 libello
2130 1551 2159 1612 Ι
2220 1551 2458 1612 eximie
2519 1549 2726 1611 culto:

414 1712 423 1721 .
536 1678 860 1740 papyrum
923 1657 1120 1736 igitur
1173 1658 1225 1718 si
1287 1657 1444 1719 dicit
1504 1657 1587 1717 ad
1652 1656 2126 1718 conficiendum
2187 1647 2406 1717 talem'
2441 1654 2731 1716 libellum

448 1834 455 1838 ,
542 1761 1049 1825 consumendam
1115 1782 1240 1823 una
1301 1782 1449 1823 cum
1508 1761 1809 1822 mercede
1870 1761 2120 1822 scribae
2168 1760 2384 1822 danda
2431 1759 2469 1821 6
2518 1766 2599 1834 -ὶ-
2650 1760 2732 1823 10
2823 1850 2830 1857 ⁰

537 1866 638 1929 vel
687 1866 770 1930 1Ο
798 1873 872 1940 -ι-
902 1863 942 1928 6
989 1866 1026 1927 i.
1077 1888 1130 1927 e.
1186 1865 1264 1928 16
1311 1866 1619 1928 sestertiis
1668 1865 2049 1940 constitisse,
2099 1864 2350 1926 libellus
2396 1884 2551 1926 vero
2575 1864 2731 1926 XIII

538 1990 803 2052 prorsus
848 1969 934 2032 ad
980 1970 1306 2033 edendum
1353 1980 1616 2052 paratus
1673 1979 1980 2051 quattuor
2041 1970 2170 2031 iam
2227 1969 2667 2032 sestertiorum
2684 1966 2730 2048 ⁰)
2766 1960 2768 1962 ’

538 2076 750 2156 pretio
784 2075 936 2136 ‹emi
1005 2084 1263 2156 poterat
1329 2076 1782 2157 expressisque
1850 2075 2191 2159 confitetur
2256 2074 2469 2136 verbis
2535 2083 2730 2157 poeta

537 2179 886 2253 librarium,
946 2179 1195 2240 etiamsi
1273 2179 1528 2242 duobus
1603 2200 1750 2241 eum
1823 2180 2198 2242 venditurus
2257 2179 2341 2240 sit
2403 2179 2727 2255 sestertiiS,

539 2283 788 2348 lucrum
871 2282 1069 2358 nihilo
1152 2283 1360 2345 secius
1434 2304 1573 2346 esse
1647 2284 1983 2360 facturum,
2077 2303 2268 2347 nemo
2342 2283 2550 2364 pretia
2624 2282 2732 2344 illa

540 2390 856 2451 immensa
901 2396 967 2450 et
1013 2405 1267 2470 papyro
1314 2398 1377 2451 et
1423 2390 1780 2471 scripturae
1825 2389 2024 2451 libriI
2069 2397 2310 2451 statuta
2342 2407 2489 2450 cum
2521 2388 2730 2469 pretio

540 2513 661 2576 pro
707 2493 831 2555 isto
877 2493 1145 2554 minimo
1193 2493 1387 2555 libelli
1435 2494 1591 2556 XIII
1638 2494 1828 2575 plane
1875 2514 2002 2556 non
2057 2493 2522 2580 consentientia
2579 2501 2731 2573 apte

540 2597 869 2680 explicare
931 2598 1186 2679 poterit.
1294 2598 1464 2659 Nam
1530 2598 1803 2661 dimidio
1864 2598 1993 2660 fere
2055 2608 2305 2660 tantum
2370 2598 2579 2659 minor
2634 2606 2733 2659 est

540 2701 895 2765 Xeniorum
956 2701 1208 2764 libellus
1268 2703 1671 2785 (acceditque
1728 2702 1853 2764 huc
1915 2704 2093 2783 quod
2154 2713 2292 2765 tum
2350 2695 2510 2763 cum'
2560 2720 2730 2763 com-

545 2815 891 2888 poneretur
937 2826 1034 2886 ep.
1069 2806 1210 2881 117,
1263 2807 1327 2868 in
1372 2808 1538 2869 libro
1586 2808 1611 2868 I
1660 2816 1833 2869 certe
1880 2808 2167 2869 nondum
2214 2807 2490 2868 totidem
2537 2805 2732 2887 atque

542 2920 771 2992 postea
817 2919 1000 2973 erant
1044 2911 1410 2992 poematia).
1513 2911 1803 2993 Optume
1852 2913 2109 2993 insuper
2170 2931 2318 2972 cum
2380 2910 2522 2972 libri
2572 2910 2731 2986 XIII

542 3069 642 3077 -η

578 3191 585 3202 ί
720 3134 764 3202 ⁶)
821 3134 1108 3188 Sestertios
1175 3136 1319 3188 enim
1385 3138 1595 3188 tantum
1649 3134 1677 3187 Ι
1730 3141 1798 3193 66
1863 3137 1918 3187 et
1979 3134 2121 3188 XHI
2174 3141 2207 3191 3
2272 3133 2513 3203 intellegi
2575 3150 2734 3202 posse

542 3237 611 3274 ex
649 3220 872 3275 indiciis
907 3223 1123 3290 apparet
1161 3238 1293 3291 quae
1331 3222 1396 3274 de
1432 3238 1773 3276 nummorum
1809 3222 2157 3290 appellatione
2193 3221 2257 3274 ad
2295 3227 2527 3277 nostram
2564 3237 2735 3289 usque

545 3309 775 3363 aetatem
813 3310 1022 3362 servata
1058 3311 1201 3363 sunt.
1273 3308 1452 3364 Plauti
1501 3308 1609 3360 iam
1654 3311 1888 3377 tempore
1935 3326 2185 3364 nummos
2231 3311 2567 3377 nuncupatos
2614 3324 2733 3361 esse

545 3393 657 3450 κατ’
683 3394 873 3471 ἐξοχὴν
895 3397 1172 3449 sestertios
1190 3395 1418 3448 Brixius
1437 3395 1632 3461 repetit
1651 3411 1680 3447 e
1700 3395 1998 3449 Trinummi
2017 3415 2067 3450 v,
2087 3395 2300 3464 844l45.
2350 3396 2395 3448 E
2413 3395 2732 3449 Mommseni

546 3483 748 3551 quaest.
802 3499 1004 3536 numm.
1057 3483 1320 3536 discimus
1371 3481 1479 3552 (pg.
1536 3484 1655 3552 199)
1703 3485 1758 3536 et
1807 3484 1864 3535 in
1913 3484 2230 3536 universum
2277 3481 2507 3535 lamellis
2555 3480 2729 3534 aureis

544 3568 925 3637 argenteisque
961 3572 1023 3621 ut
1058 3570 1122 3623 ab
1174 3570 1342 3623 aereis
1392 3570 1823 3623 discernerentur
1869 3587 2213 3623 nummorum
2257 3585 2452 3622 nomen
2499 3568 2730 3622 inditum

542 3655 714 3710 fuisse
751 3658 806 3709 et
844 3657 1154 3709 sestertium
1191 3673 1474 3709 nummum
1497 3686 1552 3693 -
1584 3658 1725 3709 cer-te
1762 3655 1887 3709 inde
1924 3674 1952 3709 a
1974 3656 2189 3709 Catonis
2226 3657 2489 3723 tempore:
2527 3654 2645 3708 adn.
2666 3659 2733 3711 83

544 3774 610 3781 —-
659 3739 770 3798 κατ’
823 3741 1013 3818 ἐξοχὴν
1062 3761 1346 3797 nummum
1394 3741 1718 3809 appellatum
1766 3759 1899 3796 esse.
1975 3743 2051 3798 Cf.
2091 3742 2262 3797 eiusd.
2310 3742 2473 3795 verba
2509 3759 2594 3810 pg.
2631 3746 2732 3799 202

542 3830 700 3884 allata
757 3830 811 3883 et
866 3828 1171 3882 Heinriohii
1227 3829 1293 3881 ad
1347 3828 1472 3882 Juv.
1527 3828 1610 3881 XI
1668 3835 1728 3887 17
1788 3845 1865 3898 sq.
1921 3831 2098 3882 notam
2152 3829 2318 3883 hano:
2382 3829 2483 3883 Wo
2538 3829 2736 3883 Rb'mer

550 3918 817 3984 sprechem
851 3918 971 3970 und
1006 3932 1126 3970 vom
1165 3916 1488 3970 Romi-schem,
1524 3917 1823 3982 M‘e‘mzfuss
1871 3917 1959 3970 die
1994 3916 2143 3970 Rede
2190 3919 2285 3982 ist,
2332 3917 2433 3969 wie
2478 3917 2612 3981 hier,
2661 3916 2736 3969 ist

464 4030 469 4035 ·
543 4019 822 4070 nummu&
873 4018 981 4057 von
1035 4003 1361 4056 bestimmter
1403 4001 1687 4057 Geldsorte
1731 4009 1942 4072 yesayt,
1991 4004 2223 4058 ‘niemals
2270 4008 2437 4055 etwas
2485 4002 2733 4069 anderes,

555 4089 639 4143 als
683 4104 940 4142 nummu-s
977 4103 1188 4153 aerem,
1226 4086 1467 4141 niiwzlich
1501 4090 1797 4144 sestertius,
1854 4087 1999 4151 Quae
2037 4087 2195 4141 verba
2233 4103 2336 4141 non
2373 4086 2737 4155 infringuntur

543 4170 693 4227 Mart.
734 4186 813 4237 op.
851 4169 909 4223 11
945 4175 1026 4229 57.
