3031 4640
378 356 464 420 -14

380 531 539 605 illud
611 530 754 612 plus
829 530 1117 591 minusve
1184 529 1471 590 omnium
1536 548 1616 589 eo
1671 536 1966 607 tempore
2025 525 2388 588 delatorum
2446 545 2565 587 nec

383 635 742 698 Domitiani
790 642 1038 695 tantum
1085 632 1276 694 fuisse
1325 630 1659 709 munusw)

557 738 672 800 Ad
718 737 940 799 Titum
988 735 1190 808 immo
1235 738 1437 818 epigr.
1503 755 1762 818 quoque
1818 743 2117 816 quartum
2164 733 2566 795 referendum

381 862 523 904 esse
568 841 866 923 putarim,
931 840 1308 920 praesertim
1371 860 1520 901 curn
1579 840 1661 901 de
1707 839 1970 920 publica
2026 839 2310 920 quadam
2372 837 2569 899 totius

385 955 457 1007 ut
501 947 589 1007 ita
636 944 849 1006 dicam
897 945 1138 1006 ordinis
1185 944 1546 1015 delatorum
1592 963 1803 1025 poena
1820 941 1897 1021 11)
1945 944 2011 1004 in
2034 942 2393 1004 Domitiani
2423 941 2588 1003 vitis

384 1048 540 1111 nihil
588 1045 1090 1125 memoreturffl).
1186 1047 1335 1109 Huc
1382 1048 1638 1110 accedit
1682 1045 1776 1131 (id
1824 1048 2000 1128 quod
2026 1046 2264 1108 Friedl.
2315 1045 2378 1107 in
2422 1044 2566 1107 hist.

384 1173 545 1215 mor.
610 1151 748 1214 1115
803 1172 911 1233 pg.
957 1150 1088 1214 426
1147 1160 1213 1215 et
1259 1153 1322 1214 in
1367 1152 1468 1215 ed.
1519 1152 1548 1212 1
1591 1172 1701 1233 pg.
1754 1151 1882 1213 134
1940 1159 2114 1213 recte
2160 1149 2569 1226 observavit),

387 1257 567 1338 quod
615 1256 699 1317 ad
745 1277 941 1318 unum
966 1256 1270 1336 idemque
1305 1256 1623 1337 respicere
1646 1257 1945 1320 videntur
1967 1256 2165 1318 verba
2186 1254 2317 1316 fere
2342 1253 2571 1315 eadem

454 1360 471 1369 ”
783 1357 1027 1411 Suetonii
1448 1359 1503 1409 et
1898 1356 2161 1423 Martialis
2177 1374 2188 1408 :
2318 1410 2323 1415 ,

527 1437 594 1499 ac
628 1446 920 1499 novissime
954 1446 1238 1500 traductos
1602 1445 1887 1499 Traducta
1925 1450 2004 1498 est
2040 1444 2074 1511 †
2112 1443 2313 1512 yetulis
2327 1440 2393 1507 13)

519 1549 623 1600 per
659 1532 1057 1603 amphitheatri
1094 1549 1325 1585 arenam
1599 1549 1697 1586 nec
1722 1533 1864 1600 cepit
1887 1532 2103 1585 harena
2134 1534 2386 1583 nocentes
2432 1557 2496 1564 —

563 1688 628 1754 10)
669 1688 743 1741 Cf.
782 1687 922 1741 Plin.
959 1687 995 1741 l.
1017 1703 1061 1740 0.
1088 1688 1204 1755 §35
1241 1687 1521 1754 Ereptum
1558 1687 1775 1741 alienas
1812 1688 2080 1753 pecunias
2118 1691 2280 1739 eunt:
2333 1683 2576 1750 perdant

392 1791 536 1843 quas
571 1772 810 1842 habent}
846 1775 1112 1841 expellere
1147 1775 1444 1841 penatibus
1477 1776 1716 1843 9estiuni
1735 1792 1752 1826 :
1787 1775 1904 1827 suis
1941 1773 2301 1828 exturbentur
2336 1786 2386 1837 q.
2427 1783 2469 1822 S.

574 1861 641 1930 11)
679 1860 961 1914 Traianum
999 1876 1211 1929 quoque
1247 1876 1431 1914 omnes
1469 1859 1635 1913 simul
1671 1858 1929 1912 delatores
1966 1857 2179 1926 publice
2204 1856 2368 1910 iustis
2387 1854 2573 1923 poenis

388 1947 636 2001 affecisse
671 1963 701 2000 e
731 1946 899 2000 Plinii
937 1949 998 2016 ἓξ
1035 1949 1196 2012 34s35
1232 1946 1435 2013 elucet3
1487 1946 1543 1999 cf
1573 1946 1630 2000 in
1668 1945 1884 2013 primis:
1922 1946 2064 1999 nihil
2097 1944 2316 1999 saeculo
2352 1944 2575 2011 dionius

400 2052 573 2103 quam
611 2036 757 2104 quod
793 2037 1024 2105 contiyit
1059 2036 1291 2101 desuper
1325 2035 1538 2088 intueri
1565 2034 1874 2088 delatorum
1890 2033 2102 2098 supina
2119 2048 2221 2084 ora
2237 2037 2578 2098 retortasque

399 2123 642 2176 cervices.
703 2126 744 2174 A
752 2122 1144 2192 ¹qnoscebamus
1181 2127 1232 2174 et
1265 2121 1610 2186 fruebamur,
1650 2137 1773 2173 cum
1807 2120 1955 2173 velut
1986 2118 2306 2185 piaculares
2324 2117 2577 2184 publicae

391 2208 783 2262 sollicitudinis
819 2210 1073 2262 victimae
1106 2219 1283 2273 supra
1318 2209 1648 2276 sanyuinem
1685 2210 1980 2261 noxiorum
2018 2206 2093 2259 ad
2130 2206 2282 2259 lenta
2299 2204 2577 2270 supplicia

390 2295 782 2364 gravioresque
827 2306 1033 2360 poenas
1081 2294 1427 2349 ducerentur.
1526 2293 1778 2363 Conyesti
1837 2299 1969 2347 sunt
2027 2294 2091 2346 in
2138 2293 2373 2361 naviyia
2411 2336 2422 2345 .
2466 2330 2477 2341 .
2528 2296 2578 2344 et

399 2383 809 2447 tempestatibus
846 2383 1018 2436 dediti
1055 2397 1103 2448 q,
1142 2396 1185 2433 S.

570 2465 634 2534 1⁸²)
671 2464 829 2520 Haud
877 2468 1052 2520 ausim
1101 2467 1234 2520 certi
1287 2466 1576 2534 quicquam
1636 2465 1953 2519 concludere
2008 2480 2078 2517 ex
2130 2480 2192 2518 eo
2247 2465 2390 2532 quod
2435 2463 2574 2518 Plin.

391 2569 611 2621 prorsus
647 2570 752 2607 non
791 2553 1048 2607 delatores
1085 2570 1116 2606 a
1144 2552 1454 2607 Domitiano¹
1490 2552 1704 2605 abactos
1740 2566 1859 2604 esse
1896 2552 2168 2618 memorat,
2204 2551 2402 2605 nefaria
2435 2551 2581 2604 enim

391 2641 601 2693 tantum
635 2640 744 2693 fere
781 2640 984 2708 ubique
1022 2639 1198 2693 odiosi
1233 2639 1386 2692 illius
1423 2638 1688 2707 principis
1724 2638 1954 2691 facinora
1991 2637 2257 2691 conviciis
2285 2637 2582 2690 insectatur

392 2727 479 2794 (cf.
526 2727 588 2794 ἐξ
625 2732 689 2793 2;
731 2730 822 2793 12;
865 2733 956 2793 16;
993 2731 1089 2791 2ος
1129 2726 1449 2782 33='·Suet.
1490 2726 1644 2779 Dom.
1683 2742 1730 2780 0.
1775 2730 1866 2790 103
1905 2726 1934 2792 ξ
1969 2730 2037 2782 47
2075 2724 2183 2794 al).
2246 2724 2577 2791 Quamquam

389 2813 496 2866 alia
530 2830 599 2867 ex
635 2816 781 2882 parte
831 2813 879 2867 si
931 2813 1150 2881 quidem
1197 2812 1375 2866 acrius
1410 2812 1755 2866 Domitianus
1806 2811 2065 2865 delatores
2113 2809 2582 2864 animadvertisset

392 2900 592 2953 mirum
638 2900 817 2953 videri
864 2902 1056 2967 potest,
1103 2916 1199 2953 cur
1244 2898 1385 2953 Plin.
1435 2915 1502 2951 ne
1552 2898 1740 2952 eodem
1788 2898 2008 2966 quidem
2052 2897 2209 2951 modo
2259 2913 2363 2964 quo
2399 2897 2584 2964 postea

393 2986 843 3055 pantomimorum
878 2987 1109 3040 exilium
1145 2986 1201 3055 (ἓ
1230 2984 1342 3054 46),
1378 2985 1468 3037 1110
1507 2985 1804 3041 delatorum
1839 2982 2355 3037 animadversionem
2389 2982 2583 3036 leviter

393 3073 723 3129 strinxisset.
782 3069 787 3074 ’

571 3159 652 3236 ¹⁸)
675 3159 892 3214 Praeter
926 3159 1239 3228 pervulgata
1282 3160 1390 3212 iam
1437 3159 1711 3227 proposita
1745 3156 1840 3209 illa
1875 3173 1922 3212 a.
1961 3174 2017 3212 v.
2055 3158 2105 3209 d.
2155 3172 2375 3211 versum
2424 3171 2585 3225 supra

391 3247 700 3315 appositum
748 3247 1102 3300 tractantibus
1150 3246 1209 3299 in
1252 3245 1448 3301 Friedl.
1497 3246 1581 3301 ed.
1630 3245 1659 3298 I
1706 3261 1791 3313 pg.
1834 3249 1932 3302 145
1980 3243 2155 3312 allata,
2206 3260 2341 3312 quae
2403 3242 2582 3297 omnia

394 3333 549 3386 irrita
584 3333 729 3402 sunt,
767 3335 902 3388 duae
938 3349 1209 3388 accessere
1245 3333 1433 3401 paucis
1470 3332 1665 3386 abhinc
1701 3331 1979 3385 mensibus
2017 3331 2350 3385 coniecturae
2386 3346 2583 3399 eaeque

393 3436 502 3473 non
558 3420 730 3489 magis
784 3420 993 3474 felices:
1049 3420 1112 3478 A,
1152 3419 1416 3488 Zingerlei
1465 3419 1730 3487 scriptura
1780 3419 1978 3485 ferulis
2032 3417 2309 3487 (Zeitschr.
2364 3417 2399 3472 f.
2457 3418 2583 3470 lists.

397 3506 590 3574 Gymn.
627 3510 756 3565 1887
795 3508 922 3563 fasc.
942 3507 990 3561 41
1022 3524 1108 3575 pg.
1130 3505 1222 3577 34)
1269 3506 1480 3575 legibus
1528 3521 1635 3559 non
1681 3505 1967 3573 respondet
2002 3504 2263 3559 sermonis
2288 3502 2585 3570 Valeriani3

394 3609 494 3647 nec
570 3592 637 3647 K.
701 3593 989 3649 Schenklio
1057 3592 1337 3663 (deutsche
1391 3591 1521 3646 Litt.
1578 3591 1690 3661 Ztg.
1751 3595 1902 3659 1887,
1955 3591 2050 3647 Nr.
2103 3596 2153 3660 5,
2223 3608 2311 3660 pg.
2370 3589 2586 3659 162s63)

396 3683 605 3736 caculis
681 3681 966 3750 scripsisse
1024 3682 1237 3750 poetam
1301 3679 1592 3735 conicienti
1660 3679 1946 3747 quisquam
2010 3678 2358 3733 adsentietur.
2464 3675 2588 3730 Alia

395 3767 656 3821 nimirum
691 3768 783 3822 via
830 3767 1036 3821 medela
1087 3768 1385 3836 quaerenda
1419 3769 1521 3823 est.
1611 3766 1760 3819 Inter
1806 3757 2100 3834 scripturas
2140 3765 2427 3819 Traducta
2475 3770 2585 3818 est-⁰

401 3854 646 3910 Gaetula
680 3857 793 3909 hic
828 3858 971 3922 cepit
1017 3856 1068 3910 h.
1106 3874 1162 3913 n.
1203 3854 1292 3925 (de
1328 3853 1710 3922 amphitheatri
1746 3854 1941 3908 harena
1977 3852 2186 3906 dictum
2220 3851 2498 3919 nimirum)
2534 3851 2589 3903 et

401 3940 644 3996 Gaetula
694 3942 856 3995 hinc
911 3944 1051 4009 cepit
1086 3944 1138 3996 h.
1176 3961 1233 3997 n.
1285 3942 1341 4011 (1.
1382 3958 1428 3996 e.
1466 3940 1702 3994 traducti
1752 3940 1880 3993 sunt
1929 3939 2189 3994 delatores
2243 3955 2339 4008 per
2373 3937 2583 4007 amphi-

396 4027 682 4095 theatrum,
739 4028 865 4081 dein
918 4028 1130 4096 peracto
1184 4027 1278 4082 illo
1334 4026 1640 4096 spectaculo
1694 4027 1750 4078 in
1808 4026 2106 4080 Gaetuliam
2160 4028 2197 4083 i.
2254 4043 2299 4082 e.
2350 4025 2590 4079 Africam

395 4113 642 4183 relegati)
691 4115 904 4168 nutanti
952 4131 1097 4168 1111110
1146 4115 1285 4167 1111111
1353 4131 1477 4168 011111
1525 4113 1612 4168 Fr.
1666 4112 1773 4168 Leo
1823 4113 2091 4182 scriptura
2140 4115 2428 4170 Traducta
2476 4119 2557 4168 est
2573 4132 2591 4165 .-

403 4199 648 4256 Gaetula
684 4203 917 4269 excepit
951 4203 1003 4256 h.
1040 4220 1097 4258 u.
1135 4200 1194 4253 in
1230 4200 1450 4255 vitiosis
1488 4200 1652 4253 latere
1690 4199 1871 4254 verbis
1909 4200 2142 4256 videtur.
