3031 4640
2493 373 2582 437 53

394 547 477 608 ad
547 546 983 609 adulationem
1054 546 1203 609 illuc
1269 555 1673 628 spectantem
1744 547 2134 609 audiendam
2203 567 2580 628 propensu5‚

395 650 550 731 fingi
588 650 888 732 famaque
920 651 1205 732 dispergi
1247 651 1460 731 potuit
1496 660 1804 732 tanquam
1842 644 1982 732 ips'a
2007 651 2131 712 dea
2154 650 2288 712 filio
2314 650 2582 713 loricam

398 754 571 816 illam
656 756 1047 817 tradidisset.
1159 753 1347 836 Quae
1425 754 1600 817 fama
1666 754 1749 816 ab
1817 756 2210 836 imperatore
2279 755 2581 816 nimirum

393 857 812 920 libentissime
849 868 1121 940 accepta
1153 858 1367 922 effecit
1405 868 1474 921 ut
1512 859 1708 920 etiam
1743 868 1882 923 tum
1906 866 2276 939 temporum
2302 858 2583 921 artifices

393 962 555 1023 deae
598 971 843 1024 statuas
888 963 1151 1044 pusillas
1188 964 1324 1027 sine
1355 963 1588 1043 aegide
1619 962 1968 1043 fingerent3
2015 961 2078 1022 in
2100 960 2228 1024 tale
2252 961 2583 1025 Minervae

394 1065 829 1128 statunculum
877 1052 1065 1128 Mart.
1116 1086 1374 1148 quoque
1421 1087 1522 1147 ep.
1573 1063 1735 1128 XIV
1786 1063 1909 1127 179
1956 1066 2228 1147 scripsit.

575 1168 709 1233 Sed
756 1180 900 1241 utut
944 1191 1046 1232 res
1091 1191 1159 1233 se
1205 1170 1403 1232 habet
1450 1179 1701 1232 tantum
1750 1169 1905 1231 mihi
1952 1178 2207 1231 constat
2252 1190 2350 1251 ep.
2379 1168 2508 1231 VII
2547 1171 2576 1232 1

390 1283 457 1335 et
488 1272 649 1336 XIV
676 1275 800 1339 179
846 1284 981 1338 tam
1027 1284 1165 1337 arta
1213 1274 1683 1337 necessitudine
1730 1276 1894 1336 inter
1939 1294 2006 1335 se
2052 1274 2397 1336 coniuncta
2440 1294 2582 1335 esse

390 1388 462 1441 ut
508 1379 729 1460 utique
775 1380 859 1440 ad
907 1399 1102 1441 unum
1149 1379 1559 1459 eundemque
1614 1387 1917 1440 eventum
1976 1377 2377 1440 referendum
2439 1398 2580 1440 esse

393 1493 737 1564 utrumque
783 1503 912 1544 non
957 1482 1165 1563 possis
1212 1482 1569 1563 denegare:
1618 1491 1914 1563 tempore
1961 1483 2157 1563 igitur
2187 1480 2318 1543 fere
2343 1481 2578 1543 eodem

395 1596 539 1648 orta
583 1596 762 1649 sunt:
810 1585 939 1665 VII
988 1587 1017 1647 1
1073 1586 1280 1664 (sicuti
1343 1606 1429 1647 ex
1475 1607 1576 1667 ep.
1623 1586 1665 1648 2
1724 1586 2167 1668 conspicuum)
2229 1595 2366 1649 tum
2429 1605 2578 1647 cum

390 1691 586 1752 Dom.
616 1692 921 1758 adversus
948 1689 1281 1753 Sarmatas
1304 1691 1665 1752 exercitum
1690 1691 2000 1752 ducturus
2035 1700 2220 1764 esset,
2264 1687 2428 1752 XIV
2457 1688 2580 1751 179

387 1814 538 1856 cum
586 1794 826 1857 bellum
877 1793 1310 1858 Sarmaticum
1356 1796 1646 1857 nondum
1671 1803 1841 1856 esset
1885 1794 2285 1856 confectum:
2337 1802 2575 1855 utrum-

395 1918 521 1977 que
569 1898 766 1979 igitur
810 1907 985 1960 certe
1031 1919 1085 1960 a.
1136 1898 1239 1962 92.

563 2000 796 2063 Restat
841 2011 911 2063 ut
957 2002 1181 2065 leviter
1226 2002 1330 2063 hic
1357 2002 1750 2082 stringamus
1774 2001 2217 2083 quaestionem
2244 2021 2352 2083 pg.
2386 1999 2580 2082 15s16

394 2106 525 2167 iam
574 2116 838 2181 motam,
913 2106 1087 2169 illam
1135 2105 1282 2167 dico
1327 2114 1541 2167 utrum
1590 2106 1754 2167 inter
1798 2107 2000 2188 epigr.
2050 2105 2248 2168 libelli
2295 2105 2581 2167 carmina

388 2217 585 2290 atque
642 2209 895 2290 singula
953 2209 1093 2271 libr.
1155 2206 1316 2270 XIV
1370 2209 1658 2279 ,disticha
1725 2212 1923 2272 artior
1988 2210 2345 2273 intercedat
2414 2210 2580 2271 ratio

389 2334 606 2376 necne.
704 2312 976 2376 Summa
1020 2314 1257 2376 fiducia
1302 2313 1695 2376 contendere
1742 2314 1912 2378 haud
1962 2314 2193 2378 dubito
2249 2314 2302 2377 si
2371 2313 2581 2376 minus

389 2417 515 2478 alia
559 2427 846 2480 attamen
892 2429 1066 2480 certe
1113 2440 1211 2500 ep.
1264 2416 1425 2480 XIV
1470 2417 1590 2479 53:

595 2521 826 2602 N‘uper
869 2523 937 2584 in
983 2522 1270 2584 Ausonia
1315 2523 1561 2583 domini
1600 2532 1914 2601 spectatus
1959 2521 2214 2585 harena

704 2624 833 2688 Hic
879 2628 1008 2688 erit
1046 2628 1157 2689 ille
1200 2627 1333 2698 tibi.
1384 2627 1488 2687 cui
1517 2627 1665 2706 pila
1711 2637 1939 2689 taurus
1987 2636 2134 2687 erat

389 2737 535 2804 arte,
593 2729 937 2793 cohaerere
1006 2752 1152 2792 cum
1202 2732 1404 2813 epigr.
1472 2730 1580 2791 lib.
1641 2742 1945 2810 poemate
2001 2730 2041 2791 9
2101 2733 2185 2809 (et
2232 2728 2355 2806 22),
2428 2748 2576 2790 cum

391 2819 666 2913 utroque
711 2834 912 2915 epigr.
964 2835 1389 2897 rhinocerotis
1437 2845 1660 2916 aperte
1692 2835 2024 2915 geminum
2049 2854 2245 2895 cornu
2272 2833 2575 2913 gerentis,

387 2935 618 2998 beluae
678 2938 874 3017 igitur
936 2976 1018 2983 —-
1075 2940 1261 3001 sicuti
1325 2940 1452 3001 iam
1514 2960 1602 3000 ex
1662 2959 1741 3000 eo
1801 2939 2089 3019 sequitur
2148 2938 2327 3017 quod
2374 2937 2575 2999 semel

390 3049 640 3101 tantum
689 3042 753 3102 in
809 3043 1087 3103 nummis
1145 3051 1362 3104 exstat
1409 3080 1489 3087 ——
1541 3055 1717 3104 certe
1775 3063 2039 3124 perraro
2084 3042 2337 3103 Romae
2397 3041 2576 3103 visae

390 3144 634 3205 mentio
679 3143 809 3206 fiat.
883 3142 1070 3223 Quae
1118 3145 1171 3205 F
1178 3146 1355 3207 riedl.
1407 3156 1478 3208 ut
1523 3167 1599 3208 ea
1645 3166 1811 3227 quae
1857 3147 2013 3207 olim
2061 3145 2224 3226 (hist.
2255 3166 2413 3207 mor.
2432 3143 2578 3206 111⁵

384 3267 496 3327 pg.
545 3245 810 3330 426s27)
857 3246 1209 3327 explicavit
1254 3261 1603 3324 removeat,
1654 3251 1869 3312 denuo
1918 3251 2024 3312 ain.
2069 3252 2168 3312 ed.
2220 3248 2249 3309 I
2286 3270 2394 3330 pg.
2431 3247 2575 3329 136)

389 3350 651 3440 profert,
701 3351 1090 3432 persuadere
1138 3353 1374 3413 nemini
1422 3363 1709 3433 possunt.

565 3452 816 3534 Quodsi
866 3475 1033 3535 quae
1079 3463 1268 3516 antea
1325 3456 1407 3517 de
1463 3458 1666 3536 epigr.
1727 3457 1924 3519 libelli
1986 3457 2391 3538 temporibus
2452 3457 2574 3519 dis-

389 3567 617 3638 putata
641 3568 788 3620 sunt
833 3567 1147 3631 constant,
1198 3578 1326 3619 non
1365 3561 1583 3639 potest
1626 3560 1755 3621 alio
1801 3570 2094 3642 tempore
2140 3561 2574 3642 compositum

391 3681 532 3722 esse
589 3683 688 3743 ep.
738 3661 897 3724 XIV
944 3660 1028 3725 53
1089 3661 1206 3722 nisi
1251 3661 1350 3723 vel
1414 3662 1556 3740 ipso
1616 3683 1670 3723 a.
1723 3663 1805 3725 89
1865 3664 1964 3725 vel
2025 3666 2206 3727 annis
2268 3666 2576 3728 continuo

389 3765 825 3846 sequentibus,

566 3867 752 3948 Quae
828 3880 1167 3949 supersunt
1245 3871 1445 3951 epigr.
1536 3868 1717 3948 (XIV
1809 3869 1960 3930 165:
2043 3893 2143 3952 ep.
2233 3871 2370 3932 libr.
2452 3873 2574 3953 213

390 3971 546 4034 XIV
591 3971 743 4034 181:
794 3972 878 4035 25
925 3973 1028 4051 al.)
1075 3993 1221 4034 cum
1268 3973 1500 4035 nullius
1546 3974 1673 4034 sint
1719 3974 2028 4034 momenti
2078 3975 2271 4035 missa
2317 3973 2568 4035 faciam.

563 4075 720 4137 Alia
763 4097 917 4138 vero
962 4076 1198 4138 indicia
1242 4078 1325 4139 ad
1374 4086 1744 4157 temporum
1792 4074 2099 4137 librorum
2147 4075 2304 4137 XIII
2329 4084 2394 4135 et
2419 4074 2574 4136 XIV

392 4178 710 4240 rationem
758 4180 1119 4259 spectantia
1166 4202 1479 4263 nusquam
1529 4192 1691 4264 puto
1738 4179 2067 4242 inveneris,
