3031 4640
2561 370 2657 455 ,11

479 543 759 605 thermas
803 542 909 605 hic
956 563 995 605 a
1040 542 1336 605 Martiale
1382 553 1928 606 commemoratas
1972 544 2235 605 easdem
2282 563 2421 605 esse
2468 553 2667 624 atque

485 646 655 710 Suet.
719 647 857 709 illas
920 648 983 709 in
1030 647 1162 709 Titi
1224 649 1357 710 vita
1417 668 1470 709 c,
1525 648 1558 710 7
1624 646 1849 709 allatas
1906 647 2031 709 iam
2095 668 2179 708 ex
2240 668 2321 709 eo
2381 646 2666 710 dilucide

482 762 750 833 apparet
811 752 1008 832 quod.
1047 762 1117 814 ut
1165 751 1341 815 Suet.
1408 752 1702 813 celeriter
1735 754 2123 813 'exstructas
2177 752 2269 812 sic
2317 751 2504 814 Mart.
2554 772 2669 813 eas

480 854 761 935 appellat
804 854 1045 918 velocia
1090 877 1378 918 munera.
1497 855 1749 918 Colossi
1795 877 1951 918 vero
1995 877 2053 917 v.
2111 856 2277 917 1—4
2324 856 2662 917 memorati

484 959 876 1020 mentionem
945 958 1187 1021 faciunt
1256 958 1432 1022 Suet.
1505 940 1822 1022 breviter⁰
1854 960 1916 1021 in
1983 959 2117 1021 vita
2172 959 2372 1040 Vesp.
2434 980 2485 1020 c.
2552 958 2662 1022 18:

480 1063 625 1124 item
709 1097 793 1107 —
872 1084 956 1125 sc.
1040 1062 1101 1124 V
1089 1074 1216 1144 esp.
1300 1100 1383 1108 -·
1465 1064 1691 1126 colossi
1747 1066 2122 1144 refectorem
2207 1077 2314 1108 —-'
2372 1064 2635 1125 donavit
2641 1085 2665 1137 ;

486 1166 723 1228 Euseb.
788 1167 873 1228 ad
930 1187 984 1228 a.
1034 1166 1197 1230 2091
1269 1168 1305 1229 i.
1352 1188 1403 1229 e.
1462 1169 1812 1250 septimum
1873 1168 2123 1250 imperii
2179 1186 2413 1230 annum
2473 1177 2672 1248 atque

482 1271 701 1352 paullo
758 1270 1082 1352 copiosius
1128 1271 1262 1333 Dio
1306 1272 1529 1333 LXVI
1579 1272 1688 1335 15:
1766 1267 1906 1335 Ἐπὶ
1963 1268 2028 1334 δὲ
2074 1275 2175 1333 τοῦ
2223 1268 2670 1335 Οὐεσπασιανοῦ

484 1373 645 1436 ἕκτον
704 1371 803 1436 καὶ
862 1370 956 1436 ἐπὶ
1011 1379 1112 1436 τοῦ
1161 1369 1331 1436 Τίτου
1392 1374 1662 1460 τέταρτον
1723 1372 2023 1460 ἀρχόντων
2085 1377 2141 1455 (i.
2203 1397 2256 1439 e.
2322 1395 2376 1435 a.
2442 1374 2525 1436 75
2585 1372 2664 1434 cf.

485 1477 692 1540 Eckh.
759 1478 794 1539 l.
841 1499 894 1541 e.
954 1499 1062 1560 pg.
1114 1477 1392 1560 333s343
1455 1480 1606 1558 355)
1653 1528 1667 1541 .
1714 1528 1727 1541 .
1774 1528 1787 1541 .
1835 1478 1864 1542 ὁ
1926 1478 2204 1549 κολοσσὸς
2264 1474 2672 1559 ὠνομασμένος

488 1584 548 1644 ἐν
604 1587 677 1666 τῇ
734 1581 863 1666 ἱερᾷ
924 1578 1045 1667 ὁδῷ
1099 1580 1325 1667 ἱδρύθη.
1438 1580 1598 1646 Φασὶ
1655 1581 1721 1646 δὲ
1783 1582 1955 1646 αὐτὸν
2015 1581 2081 1645 τό
2139 1606 2203 1645 τε
2261 1577 2403 1667 ὕψος
2463 1578 2670 1642 ἑκατὸν

484 1690 667 1750 ποδῶν
723 1682 822 1749 καὶ
867 1686 931 1749 τὸ
979 1686 1131 1759 εἶδος
1176 1687 1231 1751 οἱ
1289 1685 1393 1771 μὲν
1450 1687 1517 1750 τὸ
1573 1693 1675 1751 τοῦ
1723 1687 1993 1772 Νέρωνος
2050 1686 2103 1749 οἱ
2162 1683 2227 1749 δὲ
2286 1690 2388 1747 τοῦ
2444 1680 2670 1747 Τίτου

487 1790 660 1877 ἔχειν.
790 1791 1073 1855 Videtur
1141 1793 1583 1873 Vespasianus
1651 1792 1785 1854 filio
1852 1792 2038 1855 sicuti
2106 1792 2230 1853 alia
2299 1789 2500 1852 multa
2568 1786 2667 1866 (cf.

491 1895 665 1958 Suet.
738 1895 866 1957 Tit.
929 1895 968 1957 6
1045 1907 1298 1978 recepta
1379 1897 1474 1959 ad
1555 1918 1624 1958 se
1684 1908 1895 1977 prope
1966 1897 2245 1958 omnium
2316 1894 2672 1976 afficiorum

490 2000 666 2077 cura)
751 2001 842 2061 ita
921 2000 1117 2061 etiam
1187 2020 1409 2063 curam
1479 2000 1854 2063 restituendi
1924 2000 2156 2062 colossi
2226 1998 2670 2060 demandasse.

491 2103 638 2165 Hoc
683 2104 735 2164 si
781 2104 1121 2165 statuimus
1168 2125 1233 2165 re
1279 2125 1431 2166 vera
1477 2105 1790 2166 accidisse
1835 2104 2019 2166 facile
2066 2102 2680 2184 comprehendimus

492 2207 856 2269 Martialem
903 2207 1135 2270 colossi
1185 2207 1599 2270 refectionem
1627 2208 1783 2270 Tito
1828 2207 1946 2270 soli
1994 2208 2321 2270 vindicare
2366 2205 2670 2289 potuisse.

490 2311 872 2393 Eademque
918 2313 1106 2375 sicuti
1152 2314 1407 2376 videtur
1454 2314 1702 2376 ratione
1759 2312 2047 2394 porticus
2097 2308 2431 2391 Claudiass)
2482 2313 2557 2389 (v.
2610 2309 2676 2389 9)

491 2436 637 2477 cum
687 2416 819 2478 Titi
865 2418 1125 2479 nomine
1171 2418 1627 2499 coniungenda
1672 2427 1786 2480 est.

666 2520 770 2581 De
815 2521 1006 2582 tertio
1053 2520 1182 2582 iam
1229 2523 1429 2602 epigr.
1480 2522 1806 2603 paulisper
1867 2521 2178 2583 dubitavi.
2271 2520 2445 2581 Nihil
2505 2503 2676 2578 enim

488 2625 757 2705 expedit
825 2625 909 2685 ad
979 2622 1272 2687 Caesaris
1337 2646 1682 2707 personam
1749 2636 1923 2688 certe
1990 2625 2422 2688 definiendam
2492 2621 2670 2701 quod

492 2728 722 2789 ultimo
796 2748 980 2790 versu
1052 2727 1292 2791 Caesar
1357 2730 1718 2812 appellatur
1771 2740 1971 2811 pater
2025 2729 2328 2809 patriae:
2422 2724 2682 2786 Scimus

495 2832 942 2894 Domitianum
999 2853 1126 2895 non
1189 2834 1397 2896 minus
1456 2855 1653 2915 quam
1710 2834 1935 2896 Titum
2004 2834 2068 2894 in
2134 2830 2411 2912 publicis
2478 2825 2682 2889 titulis

496 2937 900 3016 numinisque
945 2936 1102 2998 illud
1149 2957 1514 3018 cognomen
1562 2939 1834 3019 gessisse
1881 2943 1957 3017 (v.
2009 2958 2061 2998 e.
2113 2956 2174 3016 g.
2222 2943 2344 2996 aet.
2394 2932 2464 2992 fr.
2515 2930 2676 2992 Arv.

495 3061 550 3102 a.
600 3039 677 3103 81
730 3062 787 3102 v.
832 3038 953 3120 453
1022 3061 1075 3102 a.
1128 3040 1211 3105 86
1254 3063 1312 3103 ν.
1362 3041 1482 3119 39ς
1552 3063 1605 3103 a.
1657 3041 1734 3105 87
1783 3063 1843 3103 v.
1893 3041 2013 3119 303
2082 3037 2288 3100 Eckh.
2350 3037 2386 3097 1.
2452 3055 2504 3098 e.
2565 3053 2676 3115 pg.

390 3225 395 3231 ⁴
499 3145 622 3207 321
682 3165 810 3226 sq.;
881 3143 1160 3228 356s573
1230 3146 1356 3208 376
1417 3147 1559 3227 sq.).
1655 3146 1708 3206 F
1717 3144 2159 3207 riedlaendero
2227 3151 2444 3203 tamen
2512 3158 2681 3201 nunc

498 3249 824 3310 adsentior
868 3250 1171 3311 statuenti
1219 3250 1418 3331 epigr.
1470 3250 1667 3311 tertio
1711 3249 2070 3331 descriptos
2128 3267 2265 3308 esse
2321 3240 2685 3327 ἀλλοθρόους

672 3421 718 3489 ⁰)
755 3420 834 3473 De
873 3436 977 3487 qua
1014 3420 1199 3474 videas
1218 3420 1411 3473 Dionis
1449 3421 1546 3472 vit.
1569 3419 1751 3473 Claud.
1773 3418 1874 3472 LX
1892 3422 1958 3474 22
1996 3416 2259 3472 Μαθοῦσα
2296 3413 2344 3470 δ’
2369 3414 2403 3488 ἡ
2440 3417 2684 3488 γερουσία

466 3507 571 3562 -τὰ
626 3509 1035 3581 κατειργασμένα
1089 3504 1230 3579 αὐτῷ
1273 3509 1372 3575 (so.
1421 3507 1478 3558 in
1515 3500 1818 3574 Britannia)
1871 3503 2031 3579 ἁψῖδα
2079 3502 2460 3578 τροπαιοφόρον
2511 3504 2563 3556 ἐν
2613 3507 2684 3575 τῇ

501 3594 648 3650 πόλει
698 3598 787 3649 καὶ
835 3597 1016 3667 ἑτέραν
1067 3597 1119 3648 ἐν
1169 3600 1234 3667 τῇ
1285 3594 1512 3665 Γαλατίᾳ
1561 3593 1799 3664 γενέσθαι
1849 3594 2171 3665 ἐψηφίσαντο
2221 3593 2275 3643 et
2322 3604 2569 3642 nummos
2617 3588 2686 3641 ab

503 3681 669 3735 Eckh.
717 3681 754 3736 1.
806 3698 851 3734 ο.
902 3698 986 3748 pg.
1036 3686 1141 3738 2⁴0
1196 3681 1513 3734 memoratos
1568 3679 1662 3747 qui
1716 3694 1872 3731 arcus
1926 3678 2076 3730 illius
2125 3677 2413 3745 imaginem
2461 3675 2690 3743 gerunt3

503 3768 710 3821 Aurelii
766 3768 889 3821 dein
943 3767 1182 3820 Victoris
1236 3766 1293 3818 in
1350 3765 1510 3833 Vesp.
1565 3766 1679 3818 vita
1732 3765 1894 3818 verba
1939 3765 2098 3817 haec:
2173 3765 2426 3833 Namque
2473 3762 2684 3815 Romae

514 3855 849 3921 Capitolium
870 3855 1016 3923 quod
1035 3856 1408 3922 couflayrasse
1425 3867 1603 3919 supra
1621 3855 2052 3918 memoravimus,
2076 3853 2231 3906 aedes
2249 3852 2432 3915 Paci8‚
2459 3849 2688 3902 Claudii

509 3948 877 4007 monumenta,
917 3941 1312 4007 amphitheatri
1351 3946 1515 3992 tauta
1552 3941 1635 3992 vis
1671 3940 1983 4006 multaeque
2020 3940 2168 3992 aliae
2204 3955 2270 3992 ac
2292 3938 2476 4002 forum
2495 3941 2690 4000 coepta

506 4047 571 4083 ac
622 4035 872 4094 patrata.
957 4024 1032 4078 Cf.
1070 4024 1285 4090 Jordan,
1362 4024 1581 4091 Topogr.
1657 4026 1749 4078 dor
1796 4024 1948 4077 stadt
1994 4023 2130 4077 Rom
2182 4023 2259 4075 im
2307 4020 2593 4085 Altertum‚
2630 4017 2688 4070 II

504 4130 589 4181 pg·
627 4115 851 4180 417s183
888 4116 1019 4178 4873
1057 4113 1229 4166 eiusd.
1267 4114 1415 4166 form.
1435 4111 1671 4180 Urb.pg.
1712 4117 1777 4169 33
1815 4112 1862 4162 A
1899 4113 1952 4163 et
1980 4109 2173 4163 Friodl.
2211 4110 2329 4162 adn.
2368 4106 2433 4158 ad
2470 4120 2690 4158 versum

503 4199 674 4252 illum.
