3031 4640
2472 345 2559 409 35

370 525 622 587 videtur
679 522 924 603 peracti
981 521 1291 603 pertinaci
1356 519 1589 581 morbo
1648 540 1853 600 paene
1921 540 2300 601 oppressum
2368 518 2559 582 fuisse

371 627 473 707 (cf.
508 647 618 708 pg.
650 626 732 690 69
780 625 925 687 adn.
975 625 1094 703 19),
1143 644 1275 705 quo
1322 623 1555 685 morbo
1601 623 1843 685 factum
1890 632 1988 685 est
2034 632 2105 685 ut
2149 623 2314 685 intra
2360 643 2560 686 annos

372 731 458 794 ab
516 739 827 792 autumno
900 727 1031 790 fere
1093 728 1178 789 90
1272 747 1474 809 usque
1536 729 1621 790 ad
1692 746 1977 789 mensem
2036 727 2196 789 Dec.
2260 729 2406 789 anni
2475 727 2560 790 92

375 835 770 916 pertinentes
815 833 980 895 duos
1026 852 1187 894 unus
1233 842 1482 895 tantum
1530 832 1692 894 liber
1736 830 1857 893 VII
1903 831 2116 893 editus
2160 832 2259 892 sit.
2337 831 2559 894 Retar-

377 941 603 1002 datum
650 957 789 1000 esse
833 944 1098 1017 poetam
1160 936 1300 1017 ipsa
1358 935 1463 998 illa
1524 935 1910 1010 valetudine,
1960 955 2039 996 ne
2084 944 2383 1016 tempore
2428 937 2557 998 iam

368 1043 664 1125 protinus
710 1050 859 1122 post
904 1039 1301 1122 triumphum
1342 1040 1663 1102 Dacicum
1710 1039 2049 1121 perficeret
2093 1039 2379 1101 libellum
2425 1060 2560 1120 per-

381 1147 747 1226 fectumque
781 1144 1154 1225 imperatori
1184 1145 1486 1219 traderet,
1529 1144 1645 1206 sed
1677 1153 1971 1225 tempore
2003 1145 2267 1206 demum
2299 1164 2379 1205 eo
2410 1164 2559 1205 cum

374 1249 791 1313 Domitianus
815 1247 1107 1309 confecta
1134 1247 1553 1328 expeditione
1574 1246 1936 1310 Sarmatica
1954 1249 2222 1310 domum
2248 1249 2557 1322 rediisset,

377 1374 590 1416 nonne
636 1351 941 1434 perfacile
986 1359 1202 1432 potest
1247 1350 1487 1413 factum
1536 1351 1715 1414 esse?
1884 1425 1891 1432 ³

548 1455 802 1517 Atiam
849 1456 1136 1536 seposito
1181 1456 1384 1536 epigr.
1434 1455 1653 1518 libello
1712 1457 1795 1518 ad
1845 1455 2043 1518 libros
2087 1455 2244 1517 XIII
2289 1465 2354 1518 et
2400 1456 2561 1518 XIV

372 1561 768 1623 accedamus
824 1559 1215 1640 disquisituri
1277 1579 1428 1621 num
1487 1560 1611 1621 alia
1666 1569 1921 1641 praeter
1980 1580 2057 1622 ea
2114 1581 2281 1641 quae
2349 1559 2564 1622 attulit

377 1663 617 1728 Friedl.
665 1663 829 1742 (hist.
894 1683 1037 1725 mor
1080 1662 1213 1724 111⁵
1273 1684 1383 1744 pg.
1431 1662 1599 1741 4273
1663 1664 1763 1725 ed.
1814 1663 1841 1725 I
1900 1684 2008 1744 pg.
2058 1662 2281 1746 51s52)
2330 1665 2564 1727 indicia

376 1770 444 1830 in
489 1768 564 1829 iis
610 1775 868 1829 exstent
913 1787 948 1827 e
995 1767 1228 1846 quibus
1272 1769 1427 1829 certi
1476 1762 1718 1848 aliquid
1768 1769 1851 1829 de
1895 1768 2297 1849 temporibus
2342 1788 2563 1830 eorum

374 1871 598 1953 colligi
644 1871 864 1952 possit.

1227 2106 1568 2204 CAPUT
1624 2132 1703 2204 11.

381 2344 514 2454 De
549 2344 868 2424 ratione
904 2342 1593 2453 temporibusque
1616 2344 2014 2426 librorum
2029 2346 2217 2427 XIII
2241 2358 2322 2427 et
2336 2346 2559 2427 XIV.

558 2563 902 2626 Continere
949 2565 1316 2645 utrumque'
1348 2533 1583 2626 librum
1646 2566 2117 2646 epigrammata
2179 2567 2242 2627 in
2306 2586 2569 2627 munera

379 2668 622 2748 scripta
669 2666 1104 2730 Saturnalium
1168 2668 1395 2731 diebus
1457 2670 1652 2732 missa
1674 2670 1717 2747 1)
1781 2671 2061 2751 ipsisque
2122 2668 2568 2732 Saturnalibus

381 2771 553 2835 foras
599 2791 737 2832 esse
784 2771 1008 2834 datum
1054 2772 1208 2835 satis
1256 2774 1382 2834 iam
1444 2782 1739 2850 constat3
1807 2775 1921 2836 sed
1985 2794 2115 2854 quo
2180 2791 2348 2833 anno
2410 2773 2567 2835 editi

381 2876 510 2937 sint
556 2874 836 2938 dubitari
894 2886 1125 2956 potest.
1222 2875 1552 2939 Stobbeus
1609 2877 1667 2956 (1.
1725 2898 1777 2939 c.
1831 2898 1938 2957 pg.
1990 2876 2095 2955 78)
2157 2877 2254 2938 his
2311 2894 2569 2957 quoque

380 2978 612 3041 libellis
657 3000 785 3040 non
829 2999 974 3041 eam
1035 3001 1231 3060 quarn
1293 2981 1523 3042 ceteris
1582 2980 1761 3042 libris
1818 2990 2039 3041 curam
2100 2980 2393 3042 admovit
2452 2983 2567 3044 sed

381 3083 458 3145 iis
503 3104 670 3164 quae
716 3082 953 3144 Friedl.
1006 3083 1068 3144 in
1112 3086 1617 3164 programmatis
1664 3082 1785 3145 illis
1831 3082 2085 3145 duobus
2132 3084 2571 3165 disputaverat

381 3188 690 3251 adsentiri
735 3188 891 3249 satis
936 3186 1150 3248 habet.
1619 3200 1625 3205 ·

560 3292 614 3353 F
621 3291 798 3354 riedl.
872 3300 1089 3352 tamen
1156 3312 1322 3371 quae
1391 3291 1477 3353 ibi
1544 3291 1782 3353 chartis
1853 3293 2273 3354 mandaverat
2340 3302 2570 3373 postea

383 3396 678 3458 maxima
722 3415 808 3457 ex
852 3403 1036 3475 parte
1082 3396 1359 3457 retexuit
1416 3404 1611 3476 atque
1659 3403 2055 3476 pertractata
2109 3397 2324 3458 denuo
2384 3417 2571 3478 quae·

381 3498 617 3563 stione·
657 3500 740 3561 ad
803 3498 1051 3560 exitum
1113 3518 1373 3579 prorsus
1434 3500 1757 3562 diversum
1818 3500 2111 3580 pervenit
2179 3499 2343 3579 (hist.
2410 3520 2567 3563 mor.

387 3602 531 3667 1115
575 3624 684 3685 pg.
733 3599 1017 3686 427s28).
1114 3601 1384 3665 Collatis
1444 3604 1614 3664 enim
1687 3603 1867 3666 libris
1911 3603 2069 3667 XIII
2114 3612 2179 3666 et
2228 3602 2377 3666 XIV
2422 3625 2571 3667 cum

383 3707 588 3790 epigr.
618 3707 836 3772 libello
882 3728 918 3768 e
941 3707 1356 3770 similitudine
1378 3707 1778 3787 singulorum
1803 3708 2092 3770 locorum
2118 3717 2571 3789 argumentum

385 3812 663 3874 deduxit
709 3823 836 3875 tres
883 3811 1024 3873 illos
1069 3810 1268 3873 libros
1300 3831 1428 3873 non
1450 3831 1642 3892 posse
1667 3812 1865 3873 nimio
1890 3810 2226 3874 intervallo
2250 3811 2573 3875 seiunctos

563 4000 612 4080 1)
645 4000 798 4065 Quod
853 4016 978 4054 cum
1037 4016 1066 4053 e
1113 3998 1303 4053 multis
1357 3997 1480 4051 aliis
1534 3998 1669 4053 locis
1724 4000 2076 4068 conspicuum
2129 4000 2247 4051 tum
2300 4015 2331 4053 e
2383 4000 2573 4067 primis

388 4086 510 4143 libr.
547 4086 690 4141 XIII
725 4089 779 4141 et
812 4086 950 4141 XIV
987 4085 1336 4140 carminibus,
1412 4083 1488 4137 Of.
1525 4084 1667 4138 XIH
1705 4091 1795 4152 163
1844 4086 1938 4153 3⁵;
1989 4090 2051 4150 63
2100 4090 2158 4150 93
2210 4089 2307 4151 283
2344 4090 2441 4150 423
2478 4091 2573 4152 433

387 4178 486 4239 453
522 4178 618 4240 48;
657 4179 740 4232 69.
814 4171 949 4226 XIV
984 4178 1082 4240 703
1123 4172 1282 4238 13723
1323 4170 1482 4237 18223
1524 4175 1617 4238 103
1656 4176 1750 4238 133
1790 4177 1882 4238 143
1918 4176 1982 4229 21
2024 4171 2089 4225 al.

2216 4274 2265 4316 3*
