3031 4640
2568 375 2609 435 9

380 577 385 581 ·
423 545 487 608 in
530 544 668 608 l'ibr.
705 547 789 608 de
834 544 1148 628 amphith.
1193 546 1684 628 Borghesioque
1730 547 1794 608 in
1826 545 2060 609 Oeuvr.
2091 546 2328 629 compl.
2359 546 2458 609 111
2482 546 2609 610 382

425 649 520 731 (cf.
570 650 627 712 F
631 648 810 716 riedl.
857 651 958 712 ed.
1003 650 1129 712 vol.
1163 648 1196 712 I
1239 670 1350 732 pg.
1404 649 1568 730 134).

595 753 783 818 Stare
819 754 985 816 hanc
1023 754 1407 817 sententiam
1439 775 1569 818 non
1591 774 1784 836 posse
1808 754 1938 817 iam
1961 754 2195 835 viditJ.
2222 754 2610 818 Kebreinius

420 859 485 920 in
522 857 707 939 Jahni
755 857 961 920 annal.
1010 858 1138 919 vol.
1173 859 1382 940 suppl.
1412 857 1510 921 IV
1539 879 1650 941 pg.
1684 857 1810 922 541
1859 878 1952 940 sq.
1998 858 2105 940 qui
2154 858 2431 922 collecta
2474 859 2612 923 vult

417 982 559 1025 esse
603 961 766 1025 haec
811 962 1289 1043 epigrammata
1333 963 1397 1025 in
1441 961 1756 1026 honorem
1802 962 2103 1025 ludorum
2150 972 2215 1025 et
2259 983 2298 1025 a
2344 964 2502 1027 Tito
2546 974 2613 1026 et

421 1086 460 1128 a
489 1065 873 1129 Domitiano
919 1066 1222 1128 datorum
1268 1067 1635 1148 composita
1672 1087 1712 1128 a
1742 1067 1959 1129 nescio
2004 1087 2135 1148 quo
2180 1075 2245 1129 et
2290 1068 2611 1149 evulgata.

420 1170 477 1232 F
481 1169 660 1233 riedl.
710 1171 774 1231 in
818 1169 962 1232 hist.
999 1190 1157 1232 mor.
1187 1168 1318 1233 111⁵
1338 1191 1447 1252 pg.
1475 1168 1607 1234 425
1652 1179 1991 1251 utramque
2035 1171 2420 1233 sententiam
2467 1191 2611 1234 con-

417 1274 694 1336 ciliarat:
768 1293 907 1335 esse
966 1274 1170 1356 epigr.
1235 1275 1369 1337 Titi
1437 1274 1810 1357 spectacula
1876 1273 2269 1337 celebrantia
2324 1274 2407 1336 ab
2469 1275 2612 1356 ipso

421 1377 613 1441 Mart.
682 1377 957 1439 collecta
1021 1387 1087 1440 et
1155 1378 1362 1458 edita3
1444 1379 1680 1461 quibus
1751 1387 1980 1460 postea
2049 1377 2260 1458 ipsum
2312 1360 2613 1441 'fortasse

423 1490 687 1561 poetam
734 1481 985 1562 singula
1027 1482 1358 1563 poematia
1403 1482 1594 1545 ludos
1639 1482 1997 1545 Domitiani
2052 1480 2357 1545 efferendi
2403 1482 2615 1564 gratia

424 1584 791 1665 conscripta
836 1585 1182 1660 addidisse,
1234 1586 1323 1649 ita
1368 1596 1439 1649 ut
1483 1587 1686 1668 epigr.
1737 1585 1924 1649 nobis
1967 1586 2208 1648 tradita
2267 1606 2354 1647 ex
2412 1584 2614 1647 altera

423 1687 552 1749 iam
620 1688 904 1751 editione
972 1699 1185 1752 essent
1261 1691 1587 1772 decerpta.
1703 1690 1776 1752 In
1858 1690 2394 1752 commentariolo
2457 1709 2613 1751 vero

418 1790 623 1873 epigr.
669 1790 890 1854 libello
948 1794 1306 1874 praemisso
1366 1796 1488 1876 (ed.
1538 1793 1571 1856 Ι
1615 1814 1725 1876 pg.
1780 1792 2141 1871 134—140)
2198 1813 2411 1855 rursus
2469 1813 2612 1855 cau-

421 1894 665 1957 tissime
713 1896 796 1957 de
841 1896 1038 1959 libelli
1086 1894 1254 1960 illius
1298 1901 1845 1982 epigrammatum
1893 1897 2275 1959 condicione
2333 1897 2610 1960 iudicat:

422 1999 710 2081 potuisse
768 1999 857 2061 ait
913 2000 1214 2063 facillime
1273 2004 1642 2085 conscripta
1700 2021 1841 2064 esse
1894 2001 2112 2063 omnia
2156 2001 2263 2063 illa
2307 2000 2509 2083 epigr.
2555 2022 2611 2063 a.

424 2102 552 2164 iam
599 2102 685 2165 80
730 2104 815 2165 ad
877 2103 1266 2167 celebranda
1327 2127 1595 2169 munera
1653 2115 1807 2168 tunc
1866 2125 1904 2167 a
1950 2105 2106 2167 Tito
2167 2106 2378 2183 edita3
2439 2105 2613 2167 haud

421 2216 643 2270 tamen
700 2226 838 2269 esse
899 2208 1101 2270 altera
1157 2228 1243 2271 ex
1305 2220 1490 2291 parte
1553 2211 1924 2290 negandum
1985 2207 2121 2270 fieri
2189 2210 2475 2290 potuisse
2544 2220 2613 2272 ut

421 2310 643 2376 libello
703 2294 935 2375 iterum
997 2312 1176 2375 edito
1223 2314 1508 2377 carmina
1569 2314 1891 2396 quaedam
1939 2312 2297 2376 Domitiani
2346 2334 2613 2377 munera

424 2416 756 2480 efferentia
801 2417 1103 2498 apposita
1148 2428 1376 2480 essent.
1473 2416 1661 2499 Quae
1707 2418 1928 2500 opinio
1987 2415 2173 2479 nullis
2219 2417 2616 2497 argumentis

424 2530 843 2583 sustentatur:
893 2540 1209 2602 nusquam
1257 2542 1337 2584 ne
1367 2522 1714 2603 vestigium
1741 2522 2004 2603 quidem
2030 2519 2290 2583 alterius
2314 2520 2615 2582 editionis

422 2646 464 2688 a
506 2634 704 2707 poeta
740 2633 1018 2687 curatae.
1093 2623 1261 2687 Cum
1285 2647 1441 2689 vero
1463 2627 1561 2689 vir
1584 2626 1688 2689 ille
1715 2627 1946 2689 doctus
1970 2639 2158 2688 antea
2183 2621 2318 2704 (pg.
2351 2621 2615 2706 134s35)

421 2736 477 2791 e'
506 2729 924 2791 consensione
969 2729 1366 2810 singulorum
1415 2731 1619 2812 epigr.
1691 2728 2186 2793 Valerianorum
2234 2748 2383 2789 cum
2423 2727 2614 2789 rebus

422 2854 464 2896 a
531 2831 955 2915 scriptoribus
1022 2832 1238 2895 relatis
1305 2834 1665 2897 ostendisse
1732 2832 1852 2895 sibi
1920 2833 2177 2895 videtur
2255 2832 2388 2893 veri
2473 2850 2612 2892 esse

422 2936 693 3001 similius
739 2936 1024 2999 libellum
1074 2938 1267 3000 istum
1314 2937 1487 3001 Titi
1536 2956 1802 2999 munera
1859 2936 2163 3018 amplecti
2222 2945 2496 3016 optumo
2556 2934 2613 2996 ei

374 3105 379 3112 ,
424 3041 558 3104 iure
619 3061 1027 3122 opponemus
1086 3044 1260 3105 idem
1331 3043 1422 3120 (id
1492 3041 1670 3123 quod
1719 3050 2080 3121 sequentes
2148 3038 2406 3101 chartas
2474 3056 2614 3100 esse

425 3145 919 3207 confirmaturas
965 3146 1247 3226 confido)
1318 3146 1523 3208 multo
1570 3145 1779 3224 magis
1826 3145 1909 3206 de
1955 3142 2336 3206 Domitiano
2379 3142 2610 3204 valere.

425 3284 510 3293 --
560 3247 693 3311 Sed
740 3250 869 3311 iam
914 3250 1168 3332 singula
1230 3270 1471 3332 quaeso
1533 3248 1892 3311 accuratius
1948 3256 2424 3328 perscrutemur
2484 3266 2613 3307 car-

424 3353 599 3414 mina
667 3362 737 3414 ut
802 3352 1137 3416 videamus
1204 3364 1417 3416 utrum
1486 3352 1762 3415 certiora
1842 3352 2163 3433 quaedam
2244 3360 2612 3431 temporum

422 3456 662 3520 indicia
708 3457 771 3518 in
817 3456 891 3518 iis
937 3458 1330 3540 reperiantur
1376 3476 1595 3519 necne.

601 3558 788 3641 Quae
855 3562 1076 3624 statim
1145 3562 1209 3624 in
1275 3562 1493 3624 limine
1560 3560 1775 3642 posita
1841 3568 1987 3621 sunt
2056 3559 2187 3620 duo
2259 3558 2460 3639 epigr.
2549 3557 2613 3620 in

422 3664 658 3746 quibus
674 3675 739 3727 et
756 3664 1213 3747 amphitheatri
1238 3676 1302 3728 et
1326 3665 1600 3728 aliorum
1624 3663 2064 3727 aedificiorum
2089 3682 2219 3724 non
2245 3661 2449 3725 multo
2465 3671 2614 3723 ante

424 3802 510 3812 —
545 3788 694 3830 nam
731 3768 857 3830 hoc
897 3770 1092 3832 docet
1129 3770 1416 3850 ipsorum
1439 3769 1983 3851 epigrammatum
2002 3776 2187 3828 tenor
2210 3802 2292 3810 -
2330 3775 2614 3827 exstruc-
2705 3843 2706 3848 ἵ

425 3881 641 3935 torum
704 3873 948 3935 mentio
1007 3872 1080 3935 fit
1141 3873 1509 3953 conscripta
1566 3891 1705 3934 esse
1764 3892 1892 3932 non
1951 3879 2222 3951 possunt
2268 3870 2386 3931 nisi
2435 3869 2612 3931 Titi

428 3985 739 4057 ternpore.
854 3974 1432 4058 Amphitheatrum
1513 3974 1683 4037 enim
1768 3995 1834 4037 re
1918 3994 2071 4036 vera
2155 3974 2282 4035 iam
2351 3993 2389 4034 a
2459 3972 2614 4034 Tito

426 4080 801 4141 dedicatum
864 4100 1003 4142 esse
1060 4078 1499 4160 compluribus
1560 4100 1596 4141 e
1653 4078 1842 4140 rebus
1900 4078 2338 4158 conspicuum.
2443 4075 2615 4137 Nam

425 4192 602 4245 certe
647 4204 776 4245 non
822 4193 919 4246 est
964 4183 1229 4246 fortuito
1277 4181 1515 4245 factum
1565 4192 1635 4245 ut
1665 4180 2210 4264 amphitheatrum
2235 4188 2301 4241 et
2324 4177 2615 4257 sequenti
