3031 4640
397 331 474 393 16

392 514 649 585 tempus
696 502 892 566 libelli
940 503 1302 565 accuratius
1348 496 1873 565 constituendum
1920 502 2172 564 iam·in
2228 502 2371 565 hist.
2424 523 2584 565 mor.

395 609 755 671 admodum
802 616 1179 670 cunctanter
1223 616 1418 688 atque
1465 606 1839 669 dubitanter
1884 617 2306 669 concesserat.
2331 606 2410 686 15)

564 711 720 774 Alia
764 722 983 774 tamen
1027 711 1279 791 singula
1325 732 1476 773 non*
1500 712 1712 772 minus
1756 721 1930 773 certe
1967 710 2326 774 Domitiani
2374 718 2589 773 aetate

395 816 773 897 conscripta·
809 836 949 877 esse
995 816 1448 890 concedemuS,
1499 835 1536 876 e
1582 815 1814 896 quibus
1858 815 2139 896 primum
2185 815 2236 876 si
2274 815 2491 897 placet
2521 815 2587 876 in

393 939 672 981 examen
715 939 1024 982 vocemus
1068 940 1168 1000 ep.
1224 919 1335 982 17:

507 1021 696 1099 Quod
718 1024 875 1104 pius
921 1033 984 1085 et
1020 1025 1294 1105 supplex
1334 1021 1600 1103 elephas
1645 1031 1723 1094 te,
1780 1019 2046 1093 Caesar,
2097 1022 2338 1083 adorat

607 1127 739 1189 Hic
783 1128 965 1189 modo
1009 1129 1122 1208 qui
1161 1138 1349 1190 tauro
1393 1137 1527 1189 tam
1574 1127 1943 1187 metuendus
1989 1135 2153 1198 erat,

508 1231 654 1293 Non
681 1233 863 1311 facit
901 1232 1016 1293 lcoc
1059 1233 1273 1294 iussus
1318 1231 1610 1311 nulloque
1654 1231 1903 1292 docente
1947 1230 2265 1309 magistro
2281 1253 2302 1291 .·

609 1333 813 1396 Crede
845 1335 1023 1396 mihi
1062 1346 1358 1397 nostru
1375 1357 1438 1397 m
1485 1335 1675 1396 sentit
1716 1344 1778 1396 et
1817 1335 1927 1396 ille
1972 1334 2023 1395 d
2031 1326 2065 1396 ἑ
2077 1356 2118 1395 τι
2136 1356 2216 1396 m.

569 1434 989 1501 Examussim
1074 1441 1405 1528 perpensis
1488 1448 1554 1500 et
1633 1438 2022 1525 scriptorum
2102 1447 2169 1499 et
2245 1447 2586 1518 poetarum

370 1543 660 1610 ‚indiciis
742 1563 864 1624 pro
946 1554 1126 1605 certo
1209 1543 1530 1605 affirmare
1599 1563 1726 1604 non
1795 1543 2026 1604 dubito
2107 1543 2226 1604 sub
2298 1542 2410 1619 deo
2477 1541 2590 1603 illo
2653 1590 2662 1599 .

398 1646 848 1709 Domitianum
899 1656 1148 1709 tantum
1197 1647 1481 1728 intellegi
1529 1667 1737 1728 posse.
1811 1643 2181 1708 Memineris
2227 1665 2468 1726 quaeso
2499 1662 2586 1706 ex

397 1749 900 1831 imperatoribus
973 1753 1255 1832 primum
1331 1752 1459 1813 iarn
1537 1751 1913 1831 Augustum
2005 1750 2089 1812 ab
2179 1748 2589 1812 adulantibus

395 1853 606 1932 poetis
666 1855 1054 1935 compluries
1111 1856 1298 1918 deum
1359 1865 1662 1919 vocatum
1726 1875 1882 1916 esse.
1904 1852 1975 1933 16)
2083 1854 2372 1916 Titulum
2436 1853 2586 1945 dein
2685 1855 2692 1861 “

396 1955 576 2018 illum
616 1957 852 2038 cupide
892 1958 1228 2021 affectasse
1255 1958 1620 2040 Caligulam
1637 1959 2086 2021 Domitianum
2104 1957 2587 2019 Diocletianum

397 2069 652 2122 constat
708 2082 794 2123 ex
840 2061 998 2125 Aur.
1048 2063 1320 2125 Victore
1378 2064 1460 2124 de
1509 2061 1693 2124 Caes,
1754 2083 1805 2124 c.
1860 2061 2070 2143 391⁷);
2140 2062 2222 2123 de
2267 2061 2588 2143 prioribus

399 2163 652 2225 duobus
712 2176 1044 2246 praeterea
1100 2188 1136 2228 e
1184 2166 1360 2229 Suet.
1424 2175 1490 2227 et
1535 2166 1750 2228 Dione
1772 2165 1904 2244 1⁶³).‚
1956 2166 2273 2247 Exceptis
2320 2161 2592 2226 Tiberio

342 2306 347 2310 ·
399 2267 587 2348 (Vell.
650 2269 784 2332 Pat.
847 2271 905 2332 II
965 2268 1162 2350 1072)
1227 2269 1633 2351 Claudioque
1707 2268 1936 2351 (Scrib.
2002 2269 2195 2351 Larg.
2261 2267 2365 2343 42,
2441 2267 2589 2347 167)

398 2373 726 2435 Neronem
773 2384 1240 2456 sequentesque
1287 2376 1370 2437 ad
1413 2375 1865 2437 Domitianum
1913 2394 2115 2454 usque
2161 2374 2587 2454 imperatores

401 2478 560 2538 deos
622 2478 984 2558 appellatos
1045 2479 1382 2560 cultosque
1436 2499 1576 2540 esse
1642 2479 1824 2540 vivos
1892 2466 2205 2559 nusquam
2275 2478 2587 2539 invenies:

400 2601 560 2642 unus
624 2591 874 2644 tantum
936 2584 1060 2644 huc
1121 2592 1374 2664 spectat
1429 2583 1637 2645 locus:
1699 2582 1945 2644 Lucani
1994 2583 2143 2644 dico
2186 2580 2385 2643 verba
2430 2582 2457 2642 I
2501 2582 2591 2645 62

401 2684 538 2746 Sed
591 2686 759 2748 mihi
814 2688 963 2774 iam
1008 2709 1254 2749 numen.
1362 2686 1509 2748 Huc
1558 2687 1813 2748 accedit
1858 2688 2035 2767 quod
2080 2688 2194 2749 vix
2239 2687 2591 2767 scriptores

400 2789 760 2854 Domitiani
808 2792 1007 2852 vitam
1055 2802 1423 2854 enarrantes
1483 2791 1984 2873 appellationem
2043 2790 2218 2852 illam
2279 2800 2586 2872 tanquam

403 2893 632 2955 miram
680 2903 873 2976 atque
920 2896 1243 2957 insolitam
1293 2904 1776 2971 memorassem,
1836 2891 1888 2955 si
1934 2895 2054 2975 ipsi
2102 2895 2230 2956 iam
2280 2894 2593 2957 Caesares

399 3051 457 3058 -μ

579 3134 644 3202 1⁶)
679 3134 744 3187 In
781 3136 863 3190 ed.
903 3137 1101 3189 iterum
1136 3135 1165 3187 1
1182 3153 1266 3203 pg.
1290 3136 1482 3204 136s37
1524 3150 1657 3203 quae
1691 3133 1803 3187 illis
1840 3134 1905 3186 de
1941 3134 2105 3202 epigr.
2145 3133 2297 3201 prius
2332 3134 2591 3187 statuerat

402 3218 573 3272 ullius
613 3235 731 3273 esse
768 3223 1025 3275 momenti
1062 3225 1243 3290 negat:
1281 3222 1531 3290 equidem
1569 3222 1631 3273 ut
1665 3236 1981 3288 persuasum
2016 3220 2154 3273 mihi
2190 3220 2411 3273 habeam
2445 3220 2590 3273 reeta

401 3323 521 3359 esse
559 3323 692 3374 quae
728 3307 844 3360 illio
877 3308 1050 3362 denuo
1087 3311 1488 3380 argumentatus
1526 3308 1600 3361 sit
1618 3306 1812 3359 Friedl.
1845 3308 2169 3361 commoveri
2206 3324 2311 3362 non
2348 3323 2586 3375 possum.

593 3393 659 3461 16)
699 3392 920 3462 Singula
955 3395 1003 3447 si
1042 3411 1263 3463 quaeres
1299 3412 1380 3463 ap.
1426 3393 1738 3447 Finekium:
1794 3395 1860 3447 cle
1897 3395 2094 3461 appell.
2135 3394 2589 3460 Caesaramete„

403 3479 534 3533 diss,
574 3478 874 3547 Regimont.
913 3499 960 3537 a.
1003 3485 1156 3549 1867,
1191 3482 1316 3534 inde
1352 3498 1383 3534 a
1418 3498 1503 3549 pg.
1545 3484 1611 3537 15
1646 3480 1909 3537 invenies,

587 3564 652 3635 ¹⁷)
691 3568 945 3638 Namque
980 3585 1036 3622 se
1069 3571 1284 3634 primas
1321 3570 1565 3622 omnium
1590 3567 1904 3636 Galiyalam
1938 3572 2061 3634 post
2094 3566 2593 3634 Domitianumque

404 3654 686 3707 dominum
721 3656 913 3719 palam
949 3655 1064 3708 dici
1097 3668 1299 3721 passas
1335 3661 1388 3710 et
1424 3655 1659 3709 adorari
1693 3671 1749 3708 se
1786 3655 2165 3722 appellarique
2199 3654 2287 3706 ‘ati
2322 3652 2499 3707 deam.

580 3740 644 3806 18)
681 3738 762 3792 De
812 3739 976 3808 Calig.
1041 3741 1106 3796 cf.
1157 3740 1261 3794 Dio
1309 3740 1440 3793 L1X
1487 3744 1572 3797 28.
1637 3745 1720 3797 26.
1781 3744 1831 3796 4.
1905 3738 2051 3793 Suet.
2102 3743 2184 3793 22.
2258 3737 2338 3790 De
2387 3737 2588 3792 Domit-

406 3827 552 3879 Suet.
595 3832 686 3883 13:
762 3828 906 3882 Pari
954 3832 1285 3898 arroyantia
1333 3846 1455 3882 eum
1502 3834 1927 3895 procreatorum
1962 3843 2187 3880 suoram
2222 3829 2440 3880 nomme
2472 3827 2590 3891 for·

404 3915 612 3967 malam
649 3914 891 3967 dictaret
926 3916 1220 3980 epistulam
1255 3915 1336 3967 sic
1371 3917 1576 3980 coepit.-
1631 3915 1884 3968 dominas
1922 3920 1973 3967 et
2008 3914 2172 3967 deas
2209 3919 2453 3967 noste-r
2489 3914 2590 3966 hoc

405 4002 530 4069 fieri
582 4001 746 4054 iubet.
847 4001 1001 4054 U‘nde
1051 4003 1374 4055 institutam
1426 4000 1656 4066 posthac
1722 4006 1787 4053 ut
1854 4018 1924 4054 ne
1988 4002 2194 4066 scripto
2250 4000 2468 4068 quidem
2523 4017 2591 4052 ac

406 4103 650 4140 sermone
687 4089 1015 4154 cuiusquam
1054 4087 1430 4153 appellaretur
1468 4087 1646 4143 aliter.
1723 4084 1825 4138 Dio
1861 4084 2072 4138 LXVII
2095 4080 2373 4152 13squem
2408 4083 2587 4137 locum

405 4171 562 4223 attuli
599 4188 714 4239 pag.
757 4176 836 4228 19.
