3031 4640
427 308 510 370 72

644 480 934 544 Callidus
977 483 1280 562 imposuit
1319 494 1526 563 nuper
1571 483 1737 545 milii
1777 494 1922 563 copo
1968 483 2321 545 Ravennae
2339 507 2358 544 :

747 583 904 647 Cum
936 595 1227 665 peterem
1274 587 1568 659 mixtum,
1617 587 1909 649 vendidit
1948 587 2059 648 ille
2102 609 2370 650 merum.

603 689 886 750 Tantam
919 709 1058 751 esse
1105 690 1392 771 inopiam
1438 710 1646 771 aquae
1677 691 1763 752 ad
1809 691 2171 753 bibendum
2214 700 2405 772 aptae
2452 690 2615 752 affir-

427 814 604 856 mare
663 793 817 868 vult,
880 802 950 855 ut
1010 794 1207 855 etiam
1263 811 1434 875 copo
1497 795 1779 856 mixtum
1838 795 1961 857 sibi
2009 796 2302 876 poscenti
2365 814 2615 856 merum

428 905 500 959 ut
544 896 794 958 lucrum
840 897 1080 959 faceret
1127 899 1332 960 maius
1377 898 1757 960 vendiderit.

607 1000 912 1084 Sequitur
973 1002 1125 1064 inde
1146 1001 1220 1081 ²⁰)
1283 1011 1352 1064 ut
1413 1022 1512 1083 ep.
1564 1000 1744 1075 1¹56.
1783 1003 1886 1065 vel
1932 1004 2282 1065 Ravennae
2327 1002 2429 1064 vel
2476 1011 2616 1063 tum
2657 1031 2668 1040 -

427 1128 578 1171 cum
624 1114 823 1188 poeta
869 1107 1069 1168 modo
1100 1106 1384 1168 Romam
1431 1105 1619 1167 istinc
1653 1115 1820 1168 esset
1853 1128 2143 1169 reversus
2175 1107 2616 1187 conscriptum

425 1232 567 1275 esse
612 1219 987 1273 statuamus

602 1316 752 1377 Non
797 1314 1003 1376 multo
1049 1323 1199 1395 post
1255 1335 1353 1395 ep.
1403 1315 1432 1376 I
1476 1314 1563 1377 56
1621 1323 1852 1377 exorta
1911 1335 2050 1376 esse
2094 1315 2394 1376 videntur
2438 1334 2537 1394 ep.
2590 1313 2619 1373 Ι

426 1420 513 1484 59
561 1430 624 1483 et
670 1410 906 1494 62,'de
953 1418 1185 1499 quibus
1231 1419 1307 1480 cf.
1357 1441 1469 1501 pg.
1520 1417 1736 1503 87s88.

602 1524 760 1585 Inde
821 1543 860 1584 a
918 1522 1085 1585 libro
1130 1523 1259 1585 VII
1303 1523 1464 1585 tales
1510 1526 1734 1585 turbas
1783 1523 2440 1604 transpositionesque
2487 1521 2615 1583 iam

428 1649 560 1690 non
627 1627 911 1689 evenisse
979 1646 1099 1707 pro
1167 1636 1348 1689 certo
1414 1627 1662 1689 habeo:
1737 1629 1869 1690 duo
1945 1629 2115 1689 enim
2177 1625 2285 1687 illa
2331 1625 2471 1687 libr.
2522 1624 2619 1685 IX

428 1732 761 1814 poematia
816 1729 932 1811 (IX
986 1730 1070 1793 28
1133 1739 1197 1792 et
1255 1731 1359 1809 86)
1439 1752 1606 1812 quae
1674 1732 1938 1812 quidem
1997 1731 2207 1793 obiter
2263 1731 2619 1792 intuentem

429 1837 731 1918 decipere
775 1844 1047 1916 possunt
1085 1835 1443 1897 accuratius
1487 1836 1540 1896 si
1577 1836 1934 1917 inspexeris
1973 1856 2235 1916 prorsus
2270 1832 2424 1896 nihil
2450 1832 2618 1894 hanc

431 1941 497 2002 in
543 1960 680 2001 rem
727 1939 1007 2020 probare
1053 1939 1423 2002 affirmabis

429 2055 431 2057 ’
605 2043 730 2124 Ep.
797 2028 1061 2124 quidem
1107 2042 1204 2105 IX
1249 2043 1331 2106 28
1391 2044 1444 2104 si
1509 2064 1658 2105 cum
1720 2044 2099 2107 Heinrichio
2161 2046 2418 2125 (comm.
2476 2042 2615 2103 Iuv.

428 2169 541 2230 pg.
603 2147 709 2219 44)
758 2147 1026 2228 aliisque
1069 2169 1126 2209 v.
1179 2147 1239 2208 d.
1291 2148 1354 2208 in
1408 2147 1624 2208 Latini
1672 2148 2073 2229 epitaphium
2120 2149 2434 2229 scriptum
2481 2165 2621 2207 esse

432 2253 654 2327 mavis
745 2251 880 2313 fieri
962 2271 1092 2312 non
1172 2259 1390 2333 potest
1458 2252 1614 2332 quin
1680 2253 1880 2314 serius
1965 2253 2411 2315 intercalatum
2480 2270 2622 2311 esse

429 2357 809 2439 poemation
869 2355 1028 2417 illud
1085 2356 1248 2417 inter
1292 2363 1526 2417 vcetera
1592 2356 1735 2419 libri
1797 2356 1893 2419 IX
1961 2358 2163 2438 epigr.
2239 2378 2359 2438 pro
2439 2364 2622 2416 certo

430 2460 705 2523 habeas:
768 2459 1075 2521 Latinum
1136 2459 1308 2521 enim
1370 2480 1571 2542 usque
1633 2461 1717 2522 ad
1781 2461 2138 2523 Domitiani
2202 2461 2332 2523 fere
2393 2480 2621 2521 necem

426 2566 633 2628 vitam
680 2564 889 2644 egisse
936 2583 971 2624 e
1012 2561 1187 2625 Suet.
1237 2563 1451 2626 verbis
1496 2584 1550 2626 c,
1606 2564 1689 2625 14
1734 2573 1799 2626 et
1847 2562 1929 2626 15
1961 2563 2155 2644 all.2¹)
2202 2565 2357 2626 satis
2387 2563 2622 2644 liquet3

608 2751 674 2820 20)
725 2750 951 2804 Accedit
995 2750 1103 2803 huc
1151 2751 1294 2819 quod.
1338 2768 1420 2819 ep.
1471 2768 1683 2820 quoquc
1731 2750 1814 2804 111
1860 2758 1928 2809 59
1992 2768 2123 2819 copo
2170 2751 2453 2805 Ravennas
2504 2767 2622 2817 per-

430 2839 754 2906 stringitur:
1322 2900 1324 2906 ,
1671 2833 1675 2839 ’

648 2926 819 2980 Sutor
855 2925 1014 2979 cerdo
1049 2924 1201 2978 dedit
1236 2926 1352 2992 tibi,
1392 2926 1546 3012 calta
1582 2926 1863 2992 Bononia,
1902 2942 2123 2990 munuS,

747 3013 915 3067 Fullo
950 3012 1101 3066 dedit
1137 3012 1431 3066 Mutinae:
1468 3029 1621 3066 nunc
1640 3012 1753 3083 ‘ubi
1790 3025 1921 3077 copo
1958 3010 2160 3065 dabit?

608 3098 685 3151 Ut
720 3098 1006 3164 Bononiae,
1044 3097 1121 3149 ait
1154 3099 1326 3165 poeta,
1363 3100 1573 3151 sutores
1611 3097 1801 3166 (0121ss
1841 3103 1934 3162 163
1972 3097 2080 3165 99),
2118 3097 2345 3158 fullones
2367 3096 2621 3162 Mutinae,

435 3187 512 3239 ita
559 3185 843 3238 Ravennae
897 3200 1126 3252 copones
1180 3200 1306 3237 cum
1343 3184 1460 3237 sine
1514 3184 1745 3251 negoti0‚
1803 3184 1931 3252 quia
1984 3183 2267 3236 deficiente
2320 3182 2435 3234 illic
2488 3199 2627 3250 aqua

438 3272 685 3325 homines
722 3272 785 3323 ut
819 3270 1248 3323 merumbibant
1286 3273 1557 3338 cogantur,
1607 3270 1810 3323 divites
1857 3271 2003 3336 fiant,
2053 3269 2111 3322 in
2159 3285 2377 3321 munera
2424 3269 2628 3322 edenda

434 3358 707 3425 impensas
742 3357 898 3410 facile
936 3349 1293 3425 sumptusque
1329 3358 1497 3410 facere
1536 3359 1780 3430 possunt.

612 3443 677 3510 21)
714 3443 1032 3497 Suetonium
1069 3444 1287 3511 quidem
1323 3442 1577 3496 nonnulla
1612 3459 1797 3495 revera
1831 3441 2010 3510 paullo
2047 3441 2409 3494 inaccuratius
2454 3443 2623 3494 rettu-

432 3529 567 3583 lisse
606 3529 728 3597 quis
765 3535 849 3582 est
884 3530 1016 3597 quin
1053 3530 1228 3583 sciat?
1285 3530 1472 3583 Errore
1508 3559 1577 3568 --
1614 3531 1675 3581 ut
1711 3528 2021 3596 exemplam
2056 3529 2272 3580 afferam
2311 3558 2377 3565 ——
2413 3529 2627 3580 tenetur

436 3617 496 3669 in
531 3632 593 3669 eo
631 3616 773 3683 quod
809 3615 964 3669 Dom.
1004 3621 1035 3672 3
1072 3616 1383 3671 Domitiam
1421 3617 1652 3670 altero
1687 3617 1902 3669 demum
1936 3615 2256 3669 Domitiani
2293 3617 2627 3680 imperantis

438 3720 595 3758 anno
633 3705 953 3772 Auyustam
991 3704 1332 3770 appellata-m
1368 3719 1478 3756 esse
1513 3702 1686 3765 refert,
1725 3700 1974 3769 quamvis
2022 3716 2052 3751 e
2100 3700 2241 3752 fratr.
2279 3701 2407 3754 Arv.
2446 3699 2629 3770 tabula

433 3789 562 3842 anni
600 3793 664 3845 81
706 3804 922 3856 prorsus
959 3787 1199 3841 dilucide
1235 3789 1482 3856 appareat
1517 3786 1815 3841 Domitiani
1864 3803 2089 3840 uxorem
2135 3785 2239 3838 kal.
2277 3786 2384 3838 iam
2423 3785 2538 3838 Oct.
2577 3803 2625 3841 a.

434 3880 501 3933 81
553 3875 689 3928 illud
738 3890 1030 3942 cognomen
1077 3879 1314 3941 gestasse
1365 3873 1607 3941 (Henzen
1656 3873 1691 3929 1.
1743 3890 1789 3926 c.
1840 3889 1924 3940 pg.
1963 3871 2087 3924 LXI
2128 3889 2180 3923 v.
2218 3871 2324 3940 46),
2374 3872 2627 3939 idemque

435 3958 972 4020 testificatur-Euseb.
1029 3959 1151 4013 Alio
1188 3960 1304 4014 loco
1342 3959 1407 4028 (c.
1431 3960 1519 4027 10)
1556 3977 1662 4013 non
1699 3960 1880 4012 minus
1917 3966 2058 4013 errat
2076 3959 2221 4011 Suet.
2279 3958 2398 4012 Scis
2436 3957 2485 4025 (e
2504 3956 2633 4010 Tac.

439 4049 567 4115 Agr.
606 4052 668 4111 23
717 4046 855 4102 Plin.
895 4044 1053 4111 epist.
1091 4044 1197 4097 VII
1238 4044 1365 4110 19⁵3
1415 4045 1572 4098 Dion.
1612 4044 1822 4098 LXVII
1862 4045 1949 4114 13)
1999 4043 2345 4097 Senecionem
2395 4043 2628 4096 stoicum

432 4131 647 4185 libellos
686 4131 1052 4197 composuisse
1091 4131 1156 4182 de
1194 4133 1306 4183 vita
1336 4129 1580 4182 Helvidii
1599 4130 1775 4184 Prisci
1813 4130 2153 4198 amicumque
2190 4130 2309 4183 eius
2331 4127 2631 4181 Arulenum
