3031 4640
2474 359 2557 422 73

364 549 571 592 nonus
616 540 834 591 autem
880 529 1082 592 altera
1127 550 1211 592 ex
1246 540 1432 613 parte
1465 531 1630 593 liber
1652 551 1820 593 anno
1856 533 1985 593 iam
2010 529 2095 594 94
2134 532 2199 593 in
2221 531 2557 613 publicum

363 643 465 696 est
522 634 770 696 missus.
881 631 1014 696 Sed
1076 634 1285 696 minus
1346 635 1511 697 bene
1571 634 1672 697 vel
1733 636 1950 716 potius
2009 636 2273 698 omnino
2319 655 2448 697 non
2493 636 2559 697 in

366 737 672 800 Latinum
732 737 1057 818 sepultum
1125 737 1342 800 referri
1410 759 1604 819 posse
1672 739 1875 819 epigr.
1951 739 2108 801 illud
2178 749 2249 802 ut
2294 741 2558 802 credam

364 841 657 903 versibus
704 833 1126 904 commoveor
1185 843 1249 903 in
1305 842 1530 923 primis
1576 842 1810 918 6-10,
1883 863 2047 924 quos
2115 843 2290 905 nullo
2358 845 2559 906 modo

367 954 627 1009 mortuo
693 946 822 1007 iarn
905 945 1288 1007 archimimo
1384 946 1496 1008 illo
1576 948 1977 1028 conscriptos
2055 951 2214 1009 esse'
2272 948 2560 1028 potuisse

367 1068 562 1110 nemo
608 1068 738 1110 non
784 1052 1118 1112 concedet.
2136 1060 2145 1069 '

543 1153 646 1214 De
713 1152 918 1216 altero
983 1175 1140 1216 vero
1207 1155 1408 1235 epigr.
1475 1153 1592 1234 (IX
1639 1153 1747 1234 86)
1816 1154 2028 1217 facere
2095 1175 2225 1217 non
2292 1175 2558 1236 possum

366 1257 524 1337 quin
585 1265 761 1318 totus
824 1257 1098 1320 Gilberti
1160 1279 1264 1320 me
1323 1258 1649 1339 adplicem
1732 1260 2085 1321 sententiae
2153 1258 2558 1320 Fleckeiseni

374 1360 711 1422 annalibus
756 1382 810 1422 a.
866 1360 1030 1425 1887
1076 1382 1187 1443 pg.
1243 1359 1482 1445 147s48
1530 1363 1821 1424 insertae.
1896 1362 2068 1425 Male
2114 1383 2267 1425 sane
2317 1363 2555 1425 Friedl.

364 1463 475 1544 (cf.
526 1465 671 1526 adn.
723 1467 808 1527 ad
854 1465 911 1527 II
959 1464 1043 1528 63
1087 1475 1152 1527 et
1197 1464 1293 1527 IX
1326 1465 1486 1545 864)
1544 1487 1765 1528 versus
1827 1467 2037 1548 quarti
2099 1487 2191 1548 sq.
2243 1466 2560 1528 intellexit

365 1588 656 1630 sensum:
722 1579 945 1650 aperte
1002 1577 1072 1630 ut
1139 1570 1506 1632 consoletur
1554 1569 1786 1633 Silium
1855 1571 2161 1632 conititur
2217 1580 2432 1651 poeta,
2495 1571 2560 1632 in

366 1674 752 1736 memoriam
809 1675 1024 1735 amico
1092 1676 1460 1736 revocando
1528 1675 1670 1754 ipsa
1736 1674 1999 1736 numina
2047 1675 2221 1737 duris
2268 1675 2555 1736 obnoxia

362 1798 508 1839 esse
553 1777 699 1839 fatis
762 1779 838 1858 (v.
889 1777 980 1857 9):
1053 1778 1137 1839 ad
1185 1778 1434 1840 exitum
1498 1778 1677 1839 illum
1742 1786 1814 1840 ut
1858 1779 2075 1840 veniat
2120 1798 2305 1840 casus
2351 1779 2561 1858 singu-

366 1881 578 1943 lorum
647 1892 980 1944 enumerat
1047 1884 1316 1944 deorum
1384 1882 1620 1963 quibus
1687 1903 1726 1943 a
1771 1881 1990 1944 Parcis
2060 1882 2388 1944 inmitibus
2448 1881 2560 1943 filii

361 1986 571 2066 erepti
639 1986 766 2048 sint
832 1985 1180 2065 carissimi3
1247 1985 1395 2048 hinc
1463 1995 1742 2048 vatem
1805 1986 1993 2049 fuisse
2043 1985 2182 2050 Silii
2228 1985 2434 2048 filium
2480 2006 2561 2048 ne

270 2106 281 2135 ··
364 2089 770 2151 deducamus
815 2089 1266 2171 exemplorum
1318 2090 1429 2170 (sic
1455 2089 1621 2151 bene
1648 2090 1848 2170 Gilb.)
1878 2100 2174 2152 vetamur
2198 2092 2460 2152 ratione.
2487 2088 2561 2169 262)

369 2192 683 2256 Severum
731 2195 932 2254 immo
978 2202 1241 2274 poetam
1289 2214 1327 2255 a
1359 2194 1549 2256 Mart.
1586 2195 1703 2256 nisi
1750 2196 2008 2275 saepius
2054 2203 2341 2256 attamen
2387 2204 2561 2256 certe

363 2319 469 2379 ep.
498 2295 559 2357 V
587 2294 811 2379 113s43
860 2296 945 2359 80
990 2297 1324 2360 laudatum
1371 2299 1648 2361 eundem
1696 2297 1886 2361 fuisse
1931 2307 2125 2380 atque
2173 2297 2561 2380 Septimium

366 2402 548 2464 illum
585 2400 896 2465 Severum
945 2422 982 2462 a
1009 2400 1221 2464 Statio
1266 2403 1331 2464 in
1375 2403 1510 2464 silv.
1563 2401 1719 2465 1V5
1767 2402 2164 2464 celebratum
2214 2401 2313 2482 (cf.
2345 2403 2558 2476 Giese‚

366 2506 406 2569 l.
458 2527 512 2568 c.
562 2526 671 2587 pg.
722 2505 826 2581 30)
887 2506 984 2567 adr
1029 2508 1437 2588 eundemque
1498 2527 1599 2588 ep.
1652 2527 1911 2588 quoque
1957 2506 2054 2567 XI
2098 2505 2180 2568 57
2231 2507 2562 2587 scripsisse

365 2619 633 2693 poetam
681 2629 794 2671 cur
841 2610 1237 2689 denegemus
1285 2610 1552 2690 (Friedl.
1600 2612 1751 2673 adn.
1801 2611 1885 2672 ad
1945 2609 2004 2671 II
2050 2608 2155 2688 6⁸)
2215 2610 2388 2671 nulla
2446 2629 2562 2671 nos

366 2723 686 2795 quantum
731 2714 925 2775 video
972 2733 1233 2775 movere
1269 2725 1489 2796 potest
1534 2736 1730 2777 causa
1775 2715 1957 2789 iusta,
2008 2716 2386 2795 praesertim
2412 2734 2563 2775 cum

378 2839 417 2880 e
467 2817 656 2881 Statii
703 2838 863 2879 verS.
916 2816 1034 2896 (IV
1078 2818 1194 2880 5⁵⁷
1238 2820 1383 2900 sq.):

690 2921 820 2983 Hz'c
850 2922 1059 3000 plura
1090 2933 1292 3002 pones
1337 2924 1591 2986 vocibus
1637 2933 1700 2985 et
1739 2909 1944 2984 modis

691 3025 902 3087 Passa
946 3026 1168 3087 solutis
1213 3048 1272 3107 q.
1326 3047 1373 3089 s,

365 3136 592 3211 pateat
641 3126 1027 3207 Septimium
1074 3128 1255 3191 illum
1304 3129 1615 3192 Severum
1664 3129 1867 3191 Musis
1914 3129 2118 3190 otium
2175 3147 2362 3189 suum
2410 3128 2564 3189 dare

369 3251 734 3294 consuesse.

378 3400 662 3453 Rusticum
682 3400 746 3452 de
766 3399 1021 3452 Thraseae
1047 3401 1187 3452 vita:
1225 3400 1440 3454 Sueton.
1480 3418 1607 3454 vero
1643 3402 1902 3455 adversus
1938 3401 2155 3455 illorum
2193 3400 2565 3455 auctoritatem

368 3502 515 3541 unus
561 3488 854 3542 Rusticum
902 3487 1068 3540 Paeti
1122 3487 1397 3541 Thraseae
1447 3494 1499 3541 et
1548 3488 1799 3543 Helvidii
1849 3490 2032 3543 Prisci
2087 3490 2281 3543 laudes
2333 3489 2567 3543 edidisse

365 3577 548 3641 aperte
584 3572 716 3626 falso
760 3574 1017 3625 memorat
1064 3602 1130 3610 —
1179 3573 1273 3624 sed
1322 3587 1524 3625 errores
1574 3576 1705 3625 sunt
1752 3575 1975 3628 levioris
2012 3574 2285 3627 momenti.
2357 3572 2566 3626 Indicia

370 3677 500 3714 vero
547 3660 801 3714 instantis
850 3659 1000 3712 necis
1048 3658 1165 3712 illic
1223 3658 1380 3711 allata
1426 3675 1482 3711 re
1532 3675 1659 3711 vera
1707 3659 1884 3727 paullo
1942 3663 2062 3712 ante
2116 3658 2330 3712 fatalem
2384 3659 2564 3712 ultimi

370 3747 550 3801 Flavii
587 3748 731 3801 diem
766 3747 1014 3800 evenisse
1052 3745 1243 3802 Dionis
1280 3744 1442 3797 verba
1478 3743 1713 3814 (LXVH
1751 3750 1816 3803 16
1852 3745 2013 3814 extr.)
2067 3745 2199 3799 satis
2237 3746 2563 3799 confirmant.

547 3833 612 3904 ³²)
650 3833 908 3887 Severum
944 3835 1111 3886 artem
1146 3832 1455 3885 exercuisse
1493 3831 1757 3900 poeticam
1795 3831 1976 3884 minus
2025 3831 2142 3884 fieri
2191 3831 2409 3884 videtur
2445 3831 2563 3884 veri

366 3919 552 3974 simile
587 3920 753 3974 Plinii
791 3919 969 3973 verbis
1007 3920 1107 3987 (ep.
1131 3918 1214 3971 111
1233 3917 1338 3987 7²),
1386 3921 1574 3987 utpote
1619 3918 1714 3985 qui
1751 3918 1882 3970 haec
1920 3918 1984 3969 de
2021 3916 2206 3969 Severi
2244 3917 2396 3970 obitu
2433 3918 2565 3969 satis

369 4006 563 4060 habeat
610 4008 813 4061 dicere:
864 4024 1036 4076 usque
1072 4007 1148 4060 ad
1182 4020 1499 4073 supremum
1553 4005 1696 4059 diem
1746 4005 1937 4058 beatus
1986 4009 2037 4056 et
2082 4003 2220 4067 felia:
2264 4005 2359 4071 (sc.
2398 4001 2565 4053 Silius

354 4091 541 4160 stat),
595 4096 710 4148 nisi
763 4094 909 4162 quod
960 4097 1223 4147 minorem
1279 4115 1311 4147 a
1370 4094 1555 4147 liberis
1609 4092 1823 4146 duobus
1879 4091 2084 4153 amisit,
2143 4088 2238 4142 sed
2303 4087 2584 4138 maiorem,

373 4181 751 4250 melioremque
784 4183 1062 4247 florentem
1098 4187 1262 4248 atque
1297 4184 1463 4236 etiam
1501 4180 1848 4235 consularem
1883 4176 2123 4242 reliquit..
