3031 4640
663 410 709 442 α
1346 446 1354 455 .
2473 405 2559 468 25

461 571 618 634 Silv.
665 572 830 636 16⁸⁵
874 594 966 655 sq.

699 677 975 739 deum
1022 678 1287 740 caerula
1334 701 1460 742 nox
1504 681 1759 743 subibat
1800 682 2038 743 orbem.

685 778 1033 843 Descendit
1053 783 1286 844 .media
1331 784 1537 845 nitens
1580 765 1836 846 harena

682 884 944 948 Densas
967 886 1326 967 flammeus
1370 889 1546 950 orbis
1591 889 1759 950 inter
1805 890 2092 951 umbras.

701 989 963 1052 Vincens
1017 989 1370 1053 Gnosiacae
1392 994 1620 1071 facem
1667 1015 1950 1057 coronae.

688 1091 963 1156 Collucet
993 1096 1181 1175 polus
1225 1096 1483 1175 ignibus
1532 1097 1817 1178 nihilque

689 1194 1018 1260 Obscurae
1046 1200 1303 1279 patitur
1348 1200 1544 1261 licere
1587 1202 1751 1263 nocti
1790 1223 1849 1283 q.
1901 1224 1946 1263 S.

542 1301 647 1361 De
681 1301 813 1363 Titi
858 1322 1014 1363 vero
1062 1303 1430 1364 muneribus
1478 1314 1794 1366 nocturno
1840 1316 2134 1387 tempore
2181 1308 2372 1369 editis
2418 1328 2557 1369 nus-

367 1423 563 1484 quam
612 1405 894 1466 invenies
939 1405 1286 1486 quicquam
1334 1406 1623 1469 relatum.

541 1507 681 1569 Nec
753 1510 961 1570 minus
1046 1511 1109 1570 in
1198 1510 1614 1592 subsequenti
1684 1533 1782 1593 ep.
1854 1513 1937 1573 26
2024 1534 2252 1575 munus
2336 1515 2562 1577 navale

367 1609 762 1691 descriptum
809 1634 947 1675 esse
995 1623 1185 1676 nocte
1232 1614 1457 1676 datum
1505 1636 1541 1675 e
1585 1637 1644 1676 v.
1694 1617 1767 1678 5:

680 1716 769 1777 Et
799 1728 1071 1798 gratum
1120 1721 1330 1781 nautis
1374 1720 1556 1780 sidus
1582 1721 1861 1799 fulgere
1906 1720 2228 1783 Laconum

367 1819 756 1901 colligamus
802 1831 1078 1902 oportet,
1130 1822 1197 1882 id
1244 1824 1421 1903 quod
1469 1833 1535 1884 et
1583 1824 1821 1885 Friedl.
1874 1825 1936 1885 in
1982 1826 2127 1887 adn.
2178 1827 2262 1888 ad
2320 1847 2418 1907 ep.
2471 1828 2554 1890 26

369 1926 688 2005 concedit.
742 1924 930 2006 Quae
955 1946 1103 1987 cum
1130 1926 1220 1987 ita
1242 1926 1369 2014 sint
1394 1936 1737 2008 utrumque
1766 1930 1965 2009 epigr.
1992 1930 2075 1991 ad
2108 1931 2558 1993 Domitianum

377 2028 613 2090 referre
658 2029 833 2091 haud
880 2028 1144 2105 dubit0;
1191 2029 1460 2092 fortasse
1508 2032 1682 2093 idem
1728 2032 1901 2094 valet
1948 2034 2030 2094 de
2076 2055 2174 2114 ep.
2207 2033 2287 2096 16
2334 2045 2399 2096 et
2427 2032 2549 2098 16¹³.

367 2131 748 2195 Domitiano
805 2134 974 2195 enim
1023 2133 1373 2195 Herculem
1421 2136 1484 2194 in
1531 2135 1754 2214 primis
1801 2156 1991 2197 curae
2037 2137 2229 2209 fuisse
2275 2159 2310 2200 e
2356 2138 2556 2200 titulis

368 2235 551 2315 (CIL.
572 2236 662 2298 VI
694 2237 821 2301 298
846 2239 965 2319 sq.)
1013 2258 1131 2299 nec
1180 2239 1388 2299 minus
1429 2259 1464 2298 e
1498 2239 1939 2319 compluribus
1966 2242 2166 2323 epigr.
2198 2232 2561 2304 Valerianis

369 2353 639 2424 apparet
688 2342 803 2420 (IX
828 2342 913 2404 64
930 2341 996 2407 ¹s2
1045 2341 1338 2404 Caesaris
1370 2351 1651 2404 statuam
1686 2355 2005 2406 memor-at
2036 2356 2232 2426 poeta
2257 2345 2558 2409 Herculis

367 2447 580 2508 vultus
626 2456 958 2526 gerentem
1006 2446 1082 2508 cf.
1136 2444 1337 2524 65¹s-23
1385 2446 1466 2507 ib.
1512 2469 1572 2507 v.
1613 2448 1667 2511 6.
1732 2449 1976 2511 Domit.
2042 2451 2253 2512 minor
2302 2450 2562 2512 Alcides

368 2550 748 2631 appellatur,
816 2550 1160 2613 IX-10111
1228 2552 1442 2612 maior
1487 2550 1647 2626 Alc„
1712 2552 1788 2613 cf.
1840 2553 1933 2615 IX
1980 2553 2149 2634 3²¹)3
2212 2555 2367 2635 quid
2424 2556 2557 2616 veri

370 2653 640 2716 similius
687 2676 883 2735 quam
931 2655 1379 2717 Domitianum
1442 2664 1507 2715 et
1554 2655 1618 2715 in
1663 2658 2048 2737 spectaculis
2094 2658 2246 2719 talia
2294 2677 2560 2718 munera
2597 2735 2600 2740 Ι

364 2758 645 2821 edidisse
713 2759 944 2839 quibus
1014 2759 1312 2820 Herculis
1383 2759 1483 2819 vel
1567 2758 1852 2822 facinora
1931 2761 2030 2822 vel
2117 2762 2553 2842 receptionem

366 2862 532 2924 inter
579 2863 737 2924 deos
784 2862 1179 2925 imitaretur?
1250 2862 1383 2925 Sed
1431 2865 1515 2924 ad
1564 2863 1689 2924 alia
1735 2884 2099 2945 pergarnus.

542 2966 665 3046 Ep.
720 2967 754 3027 7
818 2976 1016 3046 poeta
1076 2967 1404 3029 crudelem
1463 2968 1728 3048 quidem
1790 2969 1905 3028 sed
1968 2969 2203 3028 iustam
2271 2987 2552 3047 poenam

368 3069 644 3131 hominis
711 3070 1047 3131 cuiusdam
1117 3071 1368 3131 scelesti
1425 3070 1544 3131 sub
1602 3070 1901 3132 Laureoli
1971 3070 2230 3131 nomine
2300 3070 2556 3132 latentis

368 3183 599 3235 narrat.
683 3172 1082 3254 Comparato
1131 3165 1405 3235 malefici
1454 3173 1621 3234 illius
1653 3174 1972 3254 supplicio
2004 3194 2152 3236 cum
2187 3174 2553 3236 Promethei

366 3279 586 3359 pergit
631 3300 688 3338 v.
740 3274 854 3352 3s4

678 3381 877 3443 sVuda
929 3381 1265 3443 Caledonio
1309 3382 1400 3442 sic
1442 3382 1697 3443 viscera
1726 3382 2040 3461 praebuit
2080 3404 2232 3443 urso

783 3484 929 3546 Non
954 3486 1152 3565 falsa
1184 3484 1474 3565 pendens
1521 3486 1588 3546 in
1633 3507 1817 3547 cruce
1861 3486 2220 3549 Laureolus
2266 3507 2325 3567 q.
2376 3507 2423 3547 s,

546 3589 879 3650 Docemur
924 3590 1136 3670 priore
1181 3608 1367 3650 versu
1417 3608 1495 3649 eo
1555 3598 1848 3670 tempore
1908 3612 2039 3672 quo
2095 3591 2286 3652 Mart.
2350 3591 2551 3674 epigr.

368 3692 526 3754 illud
575 3701 1001 3773 componeret
1046 3713 1081 3753 e
1125 3690 1479 3753 Caledonia
1526 3714 1785 3774 quoque
1832 3714 2012 3756 ursos
2042 3696 2326 3756 Romam
2361 3704 2555 3755 trans-

368 3804 661 3877 portatos
693 3816 847 3857 esse.
909 3779 1303 3857 Caledoniae
1334 3815 1571 3856 nomen
1604 3806 1742 3858 erat
1774 3797 2140 3859 Britanniae
2183 3797 2556 3878 regionibus

366 3899 973 3981 septentrionalibus
1052 3919 1245 3980 supra
1326 3899 1499 3961 sinus
1570 3900 1676 3980 qui
1749 3901 2130 3963 dicebantur
2213 3899 2406 3963 Clota
2490 3912 2557 3963 et

368 4003 685 4065 Bodotria
730 4002 1198 4084 pertinentibus
1244 4000 1428 4082 (Tac.
1457 4002 1624 4083 Agr.
1661 4004 1809 4083 23)3
1857 4025 1943 4066 ex
1991 4006 2145 4087 ipsis
2190 4013 2409 4066 autem
2456 4004 2553 4065 his

369 4107 741 4189 regionibus
788 4108 1110 4169 montanis
1171 4126 1353 4168 ursos
1414 4127 1554 4168 esse
1613 4108 2039 4190 depromptos
2100 4109 2242 4169 luce
2303 4108 2553 4169 clarius,

368 4209 552 4291 Quas
599 4212 894 4291 regiones
938 4209 1220 4273 Romani
1267 4218 1530 4271 tenuere
1577 4232 1705 4274 uno
1763 4234 1934 4275 anno
1980 4212 2064 4275 84
2109 4232 2241 4290 quo
2302 4211 2558 4270 ineunte
