3031 4640
473 303 561 367 78

479 478 651 539 iusto
697 497 1009 539 annorum
1040 476 1293 539 Romae
1339 487 1753 558 peractorum
1800 496 2069 538 numero
2107 476 2348 537 addere
2379 475 2666 556 potuisse

478 580 846 644 Martialem
882 601 1089 662 -supra
1135 581 1261 642 iam
1309 581 1763 643 concessimus,
1857 579 1955 660 (cf.
2005 599 2114 661 pg.
2166 579 2290 658 68).
2597 580 2604 585 '

1314 833 1655 905 CAPUT
1711 833 1833 903 IV.

476 1013 612 1094 De
688 1011 1093 1093 librorum
1158 1011 1192 1090 Ι
1256 1022 1339 1092 et
1401 1011 1471 1090 ΙΙ
1551 1009 1871 1090 ratione
1949 1009 2661 1119 temporibusque.

653 1215 726 1276 In
785 1235 1021 1276 novam
1082 1213 1247 1276 hanc
1309 1211 1773 1293 disquisitionis
1831 1222 2084 1292 partem
2143 1213 2459 1275 artissime
2519 1232 2669 1273 cum

478 1318 993 1380 commentarioli
1050 1319 1248 1380 nostri
1309 1317 1524 1397 capite
1587 1317 1787 1378 modo
1848 1316 2148 1379 absoluto
2216 1316 2669 1379 cohaerentem

480 1432 989 1502 transgressurus
1034 1420 1207 1483 haud
1255 1421 1472 1483 nescio
1519 1422 1687 1483 adeo
1732 1441 1862 1483 non
1908 1421 2171 1483 mollem
2215 1430 2440 1502 patere
2497 1420 2670 1481 viam

479 1542 679 1606 quam
747 1545 1009 1587 securus
1075 1526 1321 1607 possim
1389 1524 1706 1606 persequi,
1780 1535 1849 1587 ut
1916 1525 2153 1605 ubique
2230 1544 2265 1585 e
2347 1523 2672 1585 contrario

481 1629 743 1691 obstent
788 1630 1080 1691 salebrae
1126 1649 1414 1710 saxaque
1463 1629 1754 1710 dispersa
1798 1650 1916 1710 per
1961 1649 2127 1709 quae
2172 1629 2456 1690 eundum
2517 1626 2672 1688 mihi

481 1734 580 1796 sit.
687 1734 1006 1795 Attamen
1067 1733 1219 1795 licet
1275 1734 1530 1814 saepius
1591 1732 2075 1796 obstaculorum
2146 1732 2317 1794 mole
2377 1731 2669 1805 retinear,

480 1859 563 1900 eo
609 1858 810 1918 usque
856 1857 1005 1898 cum
1064 1846 1523 1918 perventurum
1583 1858 1689 1899 me
1751 1857 1890 1898 esse
1949 1836 2194 1919 possim
2255 1840 2532 1916 sperare,
2604 1844 2675 1895 ut

480 1963 650 2023 quae
707 1943 908 2004 modo
971 1942 1053 2002 de
1110 1940 1419 2003 librorum
1480 1941 1727 2004 I—VII
1804 1942 2051 2003 ratione
2114 1941 2391 2003 dixerim
2452 1938 2675 2001 confir·

487 2055 743 2108 mentur
788 2045 1190 2126 aliquatenus
1235 2045 1554 2128 simulque
1602 2067 1767 2127 quae
1814 2066 1853 2107 a
1898 2068 1956 2107 v.
2005 2047 2065 2108 d.
2118 2047 2200 2107 de
2247 2043 2424 2105 libris
2469 2042 2596 2104 Iet
2619 2041 2679 2102 II

483 2151 647 2213 falso
691 2152 817 2212 sint
865 2151 1645 2231 disputata‘detegantur‚
1705 2150 2051 2213 fulciantur
2107 2169 2274 2229 quae
2332 2159 2505 2210 recte
2549 2148 2675 2209 sint

481 2255 752 2336 prolata,
802 2263 1114 2336 quantum
1163 2254 1228 2315 in
1267 2274 1370 2315 me
1395 2264 1494 2316 est
1522 2254 1755 2316 virium
1780 2255 1866 2315 ad
1892 2253 2359 2315 enucleandam
2383 2252 2672 2334 priorum

482 2362 759 2421 duorum
808 2358 1118 2421 librorum
1166 2346 1481 2421 rationem
1529 2379 1925 2421 consumam.

658 2463 829 2524 Huic
876 2484 1136 2544 quoque
1182 2464 1542 2543 quaestion-i
1588 2483 1718 2524 non
1765 2483 1909 2524 eam
1942 2482 2071 2543 qua
2095 2481 2259 2541 opus
2284 2469 2382 2521 est
2405 2480 2674 2541 operam

485 2566 670 2639 dedit
741 2565 1069 2629 Stobbeus
1137 2565 1174 2628 l.
1252 2588 1305 2628 c.
1378 2587 1487 2649 pg.
1564 2566 1782 2649 62s63,
1892 2575 1961 2627 ut
2039 2566 2148 2647 qui
2216 2565 2384 2626 satis.
2439 2563 2679 2625 habeat

482 2670 834 2732 coniecisse
880 2670 1243 2733 Martialem
1300 2692 1449 2733 cum
1506 2672 1635 2732 iam
1696 2691 1813 2751 per
1869 2670 2097 2751 viginti
2158 2687 2361 2730 annos
2420 2653 2675 2728 Romae

484 2776 723 2836 vixerit
773 2784 846 2836 et
890 2775 1411 2856 epigrammaton
1466 2773 1699 2836 libellis
1759 2784 1876 2836 toto
1923 2785 2101 2837 notus
2146 2775 2213 2835 in
2258 2772 2410 2834 orbe
2471 2770 2675 2845 fuerit,

487 2879 826 2960 collegisse
873 2879 1158 2941 carmina
1212 2900 1329 2960 per
1378 2878 1541 2940 illud
1602 2878 1915 2959 temporis
1972 2878 2254 2959 spatium
2312 2875 2681 2956 composita

484 2984 991 3065 singillatimque
1036 2984 1101 3045 in
1145 2982 1480 3064 publicum
1530 2982 1740 3056 missa,
1792 2982 1882 3043 ita
1928 2992 1997 3043 ut
2030 2984 2195 3043 duos
2218 3002 2305 3043 ex
2329 2981 2404 3041 iis
2428 2978 2681 3041 libellos

484 3098 906 3150 centenorum
944 3098 1286 3168 utrumque
1312 3085 1837 3168 epigrammaton
1861 3085 2225 3148 conficeret.
2295 3083 2624 3146 Libellum
2650 3082 2679 3143 I

489 3213 529 3254 a
573 3201 770 3274 poeta
800 3227 884 3235 —-
917 3211 1113 3272 quam
1161 3190 1247 3252 ob
1295 3211 1430 3252 rem
1478 3191 1608 3252 iam
1655 3209 1784 3252 non
1832 3189 2146 3270 dispicere
2193 3209 2311 3250 nos
2355 3208 2548 3269 posse
2597 3222 2681 3231 -ν

488 3305 808 3358 retentum
870 3316 986 3357 nec
1045 3306 1262 3357 tamen
1323 3294 1529 3356 multo
1583 3303 1736 3377 post
1796 3292 2031 3355 librum
2077 3292 2136 3353 II
2194 3293 2441 3355 editum
2500 3309 2675 3352 esse:

486 3420 658 3462 anno
703 3399 835 3460 fere
879 3399 981 3461 vel
1027 3398 1112 3461 86
1156 3399 1258 3460 vel
1306 3398 1407 3461 87.

663 3504 978 3566 Enixiore
1027 3502 1265 3564 Friedl.
1333 3522 1485 3563 cura
1544 3503 1609 3563 in
1669 3501 1813 3563 hist.
1877 3521 2036 3563 mor.
2083 3498 2217 3561 ΙΙΙ·5
2275 3518 2384 3580 pg.
2435 3493 2680 3578 428s29

487 3609 834 3690 protractis
894 3627 1317 3689 quaecunque
1377 3606 1440 3667 in
1500 3606 1702 3687 epigr.
1766 3605 2101 3667 recondita
2157 3605 2370 3665 iacent
2430 3601 2683 3663 indiciis

488 3714 706 3774 denuo
764 3712 1181 3793 inquisiverat
1239 3721 1304 3773 et
1350 3710 1519 3771 hunc
1578 3709 1709 3771 fere
1770 3710 1836 3772 in
1881 3710 2151 3771 modum
2197 3714 2686 3787 argumentatus

488 3824 659 3877 erat:
731 3815 884 3878 fecit
942 3814 1257 3877 Martialis
1316 3835 1352 3876 e
1411 3813 1644 3876 libellis
1706 3813 2055 3894 gracilibus
2118 3812 2247 3874 iam
2309 3811 2557 3873 dudum
2620 3810 2685 3871 in

489 3920 849 3980 amicorum
894 3920 1147 3981 circulis
1171 3918 1565 3980 circumlatis
1612 3918 1926 3998 notisque,
1978 3925 2047 3977 ut
2093 3925 2160 3977 et
2203 3914 2429 3976 amicis
2456 3913 2686 3975 adhor-

487 4022 781 4090 tantibus
824 4024 980 4085 satis
1026 4022 1265 4084 faceret
1311 4020 1556 4100 (11617)
1604 4031 1668 4082 et
1713 4020 2065 4102 plagiarios
2110 4039 2189 4081 ne
2235 4018 2488 4080 libellos
2533 4036 2686 4079 suos

488 4126 855 4206 expilarent
900 4126 1243 4206 impediret
1291 4125 1343 4204 (I
1389 4124 1508 4202 523
1574 4124 1693 4205 533
1755 4123 1871 4204 793
1933 4124 2053 4205 383
2103 4122 2216 4202 663
2266 4121 2389 4202 72),
2461 4120 2687 4183 collec-
