3031 4640
530 332 699 411 18‘

701 522 849 584 Hoc
926 522 1052 583 iam
1130 543 1277 584 cum
1356 524 1507 586 mihi
1596 535 1847 587 constet
1924 528 2374 590 Domitianum
2465 539 2716 594 tantum

524 648 710 689 versu
794 627 903 688 illo
971 625 1015 687 4
1090 627 1421 688 subaudiri
1490 648 1703 709 posse,
1810 632 1893 693 ad
1973 631 2241 694 alteram
2325 636 2719 715 quaestionis

527 740 780 812 partem
840 730 1151 792 accedam
1215 751 1474 793 necesse
1522 741 1637 806 est,
1701 733 1888 807 illam,
1925 736 2094 810 dico,
2160 745 2376 800 utrum
2424 739 2573 801 inde
2631 741 2715 802 ab
2787 720 2796 729 ⁸

527 835 776 916 imperii
819 835 1001 897 initio
1038 834 1149 896 tali
1197 835 1612 896 adlocutione
1646 837 2018 912 celebratus,
2041 841 2123 901 sit
2141 860 2223 902 an
2253 842 2717 920 posterioribus

524 940 789 1001 demum
837 938 1032 1000 annis.

703 1042 868 1106 Cum
933 1041 1222 1104 Eusebio
1243 1040 1318 1120 ⁴²¹)
1383 1044 1490 1123 qui
1568 1045 1651 1106 ad
1726 1066 1781 1107 a.
1849 1047 2018 1112 2102
2076 1048 2111 1108 i.
2192 1069 2244 1110 e.
2326 1050 2408 1110 ad
2478 1070 2715 1112 annum

526 1148 675 1209 inde
706 1168 745 1208 a
776 1148 1002 1227 quinto
1044 1145 1294 1234 imperii
1343 1166 1511 1208 anno
1558 1149 1970 1231 incipientem
1988 1173 2173 1214 ztan.
2225 1142 2391 1215 intra
2436 1156 2715 1235 spatium

472 1240 479 1261 ”
526 1252 676 1314 inde
721 1250 804 1312 ab
831 1249 980 1313 Oct.
1027 1269 1245 1311 mense
1292 1251 1439 1312 anni
1472 1251 1558 1315 85
1603 1275 1805 1336 usque
1852 1258 1936 1318 ad
1984 1277 2065 1318 m.
2117 1255 2265 1318 Oct.
2318 1278 2371 1318 a.
2402 1257 2487 1321 86
2534 1259 2714 1322 inter-

526 1354 809 1436 positum
826 1352 901 1433 ⁶³²)
959 1354 1261 1415 adnotat:
1325 1354 1594 1418 Primus
1632 1358 2043 1423 Domitianus
2089 1347 2319 1422 DmOW
2354 1373 2415 1423 et
2454 1347 2617 1424 [DI—J
2647 1385 2714 1424 se

520 1458 854 1539 ¹appellari
887 1458 1076 1519 iussit
1115 1467 1382 1538 optume
1409 1461 1755 1523 concinunt
1780 1484 1944 1543 quae
1969 1473 2035 1525 et
2058 1485 2096 1524 a
2122 1465 2337 1526 Dione
2363 1466 2716 1530 referuntur

524 1572 594 1624 et
639 1583 677 1624 a
710 1563 964 1624 Zonara
1009 1578 1126 1622 nec
1175 1563 1384 1624 minus
1430 1564 1668 1625 indicia
1699 1586 1736 1625 e
1761 1566 2074 1626 Martialis
2107 1568 2310 1645 epigr.
2343 1573 2713 1648 repetenda.

527 1666 628 1727 Ea
689 1667 860 1727 enim
907 1687 1102 1747 quam
1151 1666 1284 1729 Dio
1343 1667 1424 1728 de
1469 1668 1763 1728 Iuventio
1812 1666 2004 1729 Celso
2069 1676 2324 1727 enarrat
2381 1670 2717 1733 historiola

527 1770 628 1850 (cf.
679 1791 788 1852 pg.
838 1771 939 1849 19)
1006 1771 1230 1851 primis
1278 1769 1432 1831 mihi
1479 1762 1736 1831 videtur
1780 1770 2092 1831 accidisse
2139 1769 2373 1830 decimi
2421 1770 2711 1833 decennii

525 1877 724 1937 annis,
799 1875 1248 1954 Descripserat
1292 1874 1461 1934 enim
1489 1873 1621 1934 Dio
1669 1874 1868 1935 modo
1894 1873 2251 1935 Domitiani
2285 1875 2349 1934 in
2372 1873 2710 1936 Rusticum

527 1980 1056 2059 Herenniumque
1126 1974 1458 2040 saevitiam
1519 1997 1683 2057 quos
1743 1987 1807 2038 et
1882 1988 2028 2040 ante
2092 1962 2282 2039 Plinii'
2344 1985 2750 2059 praeturam.

527 2085 603 2164 (a.
655 2085 740 2147 93
785 2092 1152 2163 susceptam
1201 2090 1619 2162 computante
1652 2081 2063 2144 Mommseno
2109 2083 2173 2144 in
2198 2081 2420 2144 Herm.
2470 2081 2594 2144 vol.
2625 2082 2714 2144 III

529 2289 638 2354 Qui
692 2304 865 2341 sermo
927 2302 1134 2339 summe
1189 2285 1525 2339 adulatorius
1592 2288 1776 2354 poetae
1843 2288 2241 2356 indignabundo
2312 2288 2472 2341 rerba
2535 2290 2715 2342 extor-

524 2377 658 2444 quet
691 2375 852 2426 haec:
1442 2442 1447 2446 -

1365 2460 1513 2527 Quid
1552 2461 1844 2526 apertius?
1881 2468 1931 2514 et
1969 2468 2153 2514 tamen
2195 2462 2283 2514 illi

841 2545 1162 2613 Sur-cebant
1197 2548 1413 2599 cristae.
1487 2546 1651 2600 Nihil
1687 2554 1766 2600 est
1802 2548 1955 2615 quod·
1983 2548 2196 2601 credere
2232 2548 2297 2600 de
2332 2566 2387 2600 se

849 2632 977 2684 Non
1012 2633 1198 2697 possit,
1237 2649 1360 2685 cum
1396 2634 1671 2686 laudatur
1706 2634 1793 2686 dis
1833 2651 2014 2701 aequa
2048 2641 2305 2700 potestas.

702 2717 872 2770 Vides
921 2734 949 2768 e
999 2716 1250 2770 versibus
1299 2717 1410 2771 illis
1461 2718 1710 2785 (perbene
1758 2718 2045 2771 illustratis
2093 2720 2157 2771 ab
2193 2718 2377 2772 Heinr.
2429 2720 2487 2771 in
2524 2736 2714 2773 comm.

528 2824 613 2874 pg.
640 2807 762 2874 181)
800 2802 1170 2857 Domitianum
1206 2819 1391 2856 revera
1426 2804 1826 2858 adulationibus
1858 2809 1966 2857 tam
1997 2807 2167 2859 foedis
2198 2808 2260 2858 ut
2290 2806 2383 2859 alii
2410 2807 2716 2875 imperatori

528 2892 701 2945 risum
753 2889 968 2944 facilius
1023 2892 1116 2942 aut
1181 2890 1342 2943 bilem
1410 2892 1708 2945 movissent
1776 2907 1985 2944 summa
2050 2891 2253 2944 laetitia
2318 2893 2517 2946 elatum
2580 2908 2713 2950 esse.

529 2978 826 3031 Martialem
851 2977 1001 3031 Tito
1039 2978 1128 3030 hie
1166 2980 1275 3030 tam
1310 2978 1601 3032 insolenter
1637 2977 1912 3030 adulatum
1947 2994 2065 3030 esse
2104 2994 2290 3045 parum
2327 2979 2463 3032 mihi
2500 2980 2717 3032 videtur

528 3065 800 3119 credibile.

710 3152 772 3221 21)
809 3152 893 3205 Ne
930 3151 1197 3219 despicias
1234 3169 1490 3206 annorum
1530 3153 1593 3206 ab
1630 3152 1864 3206 Eusebio
1902 3153 2147 3205 datorum
2195 3151 2355 3203 fidem
2402 3151 2493 3205 hic
2530 3153 2713 3205 admo-

530 3239 770 3305 nuerim3
829 3239 1037 3306 probari
1076 3238 1223 3289 enim
1258 3239 1315 3290 in
1354 3238 1587 3307 singulis
1637 3242 1812 3306 potest
1859 3238 2161 3292 rectissime
2198 3237 2329 3292 Eus,
2379 3239 2602 3304 citasse3
2651 3241 2715 3293 cf.

458 3357 461 3360 Δ
531 3331 709 3382 notam
757 3343 802 3378 a.
841 3331 978 3384 2097
1036 3325 1334 3392 appositam
1372 3326 1522 3378 illam
1557 3327 1719 3379 Dom.
1757 3344 1982 3380 umorem
2025 3332 2335 3394 :maustam
2376 3328 2713 3393 appellatam

528 3433 638 3470 esse
677 3431 811 3483 quae
847 3415 973 3466 nota
1008 3413 1150 3469 fratr.
1190 3415 1316 3465 Arv.
1351 3413 1535 3487 tabula
1571 3429 1617 3463 a.
1656 3417 1722 3468 81
1762 3413 2003 3464 firmatur
2041 3411 2192 3479 (falso
2230 3411 2395 3478 Suet.7
2432 3412 2544 3465 vid.
2582 3413 2717 3465 infra

530 3518 643 3568 cap.
672 3500 750 3553 111
768 3500 1013 3568 adnm).
1069 3497 1183 3552 Nec
1216 3500 1399 3552 minus
1436 3501 1653 3566 optume
1685 3500 1944 3566 quadrant
1962 3515 2095 3565 quae
2133 3497 2199 3550 ad
2218 3515 2261 3549 a.
2283 3503 2421 3560 2109
2440 3498 2505 3551 de
2543 3499 2715 3565 philo-

533 3589 822 3655 sophorum
857 3573 1017 3654 atque
1054 3586 1552 3639 mathematicorum
1595 3585 1761 3639 exilio
1809 3586 1866 3638 in
1915 3601 2054 3638 vers.
2093 3586 2306 3636 Armen.
2359 3584 2514 3637 allata
2561 3585 2718 3638 vides

531 3691 659 3728 cum
693 3673 833 3727 Plin.
875 3672 1097 3726 indiciis
1133 3673 1190 3724 in
1226 3689 1307 3741 ep.
1346 3671 1429 3725 III
1469 3677 1549 3730 11.
1624 3671 1792 3725 Plinii
1830 3673 1974 3725 enim
2025 3672 2323 3738 praeturam
2359 3686 2544 3723 revera
2579 3671 2716 3724 inci-

531 3762 680 3814 disse
728 3761 788 3813 in
837 3778 881 3812 a.
920 3765 988 3818 93
1024 3759 1273 3817 Momms,
1323 3758 1357 3811 1.
1409 3776 1454 3812 c.
1504 3775 1590 3828 pg.
1630 3765 1840 3818 84-88
1888 3757 2149 3826 probavit.
2189 3755 2580 3824 Hieronymum
2627 3755 2717 3809 hic

535 3865 737 3901 annum
774 3846 1168 3901 adscribentem
1203 3849 1337 3904 2111
1390 3845 1584 3900 leviter
1632 3862 1833 3900 errasse
1882 3846 2036 3899 docet
2081 3844 2225 3896 idem
2275 3860 2360 3910 pg.
2398 3848 2467 3901 84
2512 3844 2630 3896 adn.
2666 3845 2717 3899 4.

534 3939 724 3988 Annus
779 3934 1010 4002 denique
1066 3933 1328 4001 triumphi
1378 3932 1567 3986 Dacici
1623 3935 1782 4001 (2106
1832 3931 1866 3984 i.
1917 3948 1961 3983 e.
2000 3948 2045 3983 a.
2083 3929 2264 3999 89s90)
2323 3934 2538 3998 optume
2593 3944 2717 3982 cum

534 4022 894 4075 recentiorum
931 4019 1424 4087 computationibus
1461 4020 1710 4087 congruit
1746 4018 2008 4087 (Henzem
2045 4020 2145 4069 act.
2165 4018 2307 4069 fratr.
2331 4017 2458 4068 Arv.
2480 4033 2565 4085 pg.
2588 4019 2716 4080 1173

535 4106 846 4160 Hirschfeld
880 4105 915 4157 1.
954 4121 1002 4157 c.
1038 4121 1123 4171 pg.
1165 4109 1298 4162 1506
1336 4114 1458 4171 sq.).

711 4192 773 4262 22)
812 4193 876 4244 cf.
907 4191 1273 4242 Gutschmid.:
1313 4192 1378 4243 dc
1415 4197 1572 4259 temp.
1611 4193 1756 4244 notis
1794 4192 1989 4258 quibus
2024 4190 2162 4244 Eus.
2201 4194 2395 4256 utitur,
2434 4188 2542 4242 Kil.
2567 4193 2716 4260 1269.
