3031 4640
2476 354 2560 417 55

595 525 655 604 8)
703 538 851 589 ante
918 538 1294 590 autumnum
1365 549 1419 589 a.
1492 527 1593 602 90,
1671 528 1788 590 sed
1864 549 1992 590 non

696 631 902 694 multo
927 641 1074 694 ante
1100 631 1345 711 (Atedii
1373 631 1660 694 Melioris
1677 631 2012 712 psittacus)
2059 638 2158 713 ep.
2227 631 2377 694 XIV
2470 633 2568 695 73.

591 733 652 813 9)
700 744 846 796 ante
937 745 1233 817 tempora
1321 735 1459 797 libr.
1556 734 1646 799 IX
1739 738 1815 815 (a.
1903 734 2008 813 94)

696 838 989 917 (Latinus
1035 841 1472 918 archimimus)
1549 887 2000 903 ......
2059 860 2157 920 ep.
2221 838 2378 902 XIII
2511 839 2568 900 2.

560 940 924 1022 Quominus
969 944 1061 1005 sic
1108 953 1468 1006 statuamus
1515 965 1642 1006 non
1706 954 1866 1025 puto
1927 944 2395 1024 impedimento
2457 944 2575 1005 erit

374 1046 562 1126 quod
625 1067 940 1128 nusquam
1000 1067 1116 1108 nec
1174 1048 1237 1109 in
1282 1048 1638 1110 Xeniorum
1703 1068 1820 1110 nec
1883 1048 1946 1108 in
1994 1045 2571 1127 Apophoretorum

377 1149 604 1211 libello
665 1151 792 1212 ulla
849 1151 1203 1212 inveniatur
1256 1152 1407 1223 belli
1467 1152 1700 1215 Dacici
1765 1152 2026 1214 mentio,
2141 1151 2310 1212 Nam
2380 1161 2445 1213 et
2512 1152 2577 1212 in

378 1253 695 1316 librorum
723 1255 927 1318 1—-1V
953 1255 1176 1336 epigr.‚
1243 1277 1407 1337 quae
1432 1277 1792 1343 permagna
1815 1292 1896 1300 ——-
1921 1276 2001 1317 ne
2026 1255 2240 1317 dicam
2288 1256 2576 1317 maxima

382 1393 470 1402 —
517 1379 601 1419 ex
646 1368 831 1439 parte
877 1359 1169 1422 eiusdem
1214 1359 1367 1421 belli
1415 1370 1710 1442 tempore
1755 1360 2119 1441 composita
2164 1369 2326 1432 sunt,
2376 1359 2575 1420 semel

381 1471 639 1525 tantum
686 1473 950 1544 poetam
997 1464 1336 1526 imminens
1376 1463 1618 1526 bellum
1652 1465 1971 1527 Dacicum
2005 1464 2366 1544 respexisse
2396 1463 2578 1524 vides

381 1567 442 1644 (Ι
495 1564 659 1645 22⁶),
732 1568 820 1628 ita
878 1577 947 1628 ut
1007 1587 1201 1629 causa
1261 1569 1478 1630 nescio
1547 1589 1675 1649 qua
1741 1577 1938 1650 poeta
2004 1578 2372 1633 commotus
2439 1588 2578 1628 esse

383 1672 684 1733 videatur
728 1690 807 1732 ne
853 1671 1340 1751 expeditionum
1390 1672 1641 1734 illarum
1676 1673 2069 1734 mentionem
2100 1670 2356 1732 faceret.
2438 1670 2577 1731 Nec

382 1773 801 1856 sequentibus
862 1773 1040 1835 libris
1098 1776 1351 1856 saepius
1411 1776 1655 1838 bellum
1701 1776 2021 1838 Dacicum
2087 1784 2575 1849 commemorat,

386 1879 566 1958 quod
616 1878 879 1939 omnino
925 1887 1154 1958 quater
1197 1888 1447 1942 tantum
1494 1881 1774 1943 breviter
1834 1880 2051 1960 tetigit
2113 1879 2190 1957 (V
2237 1879 2313 1958 ὃς
2375 1878 2460 1940 VI
2505 1877 2578 1956 43

393 1984 504 2061 103
558 1982 677 2061 76).
753 1981 1002 2044 Bellum
1030 1992 1254 2044 contra
1281 1982 1715 2047 Sarmaticum
1743 1985 2076 2045 minimum
2102 1984 2339 2064 septies
2365 1983 2580 2044 decies

386 2086 670 2148 invenies
745 2086 1142 2148 celebratum
1230 2086 1325 2167 (cf.
1391 2088 1510 2150 Vil
1581 2091 1646 2163 13
1710 2089 1782 2165 23
1846 2088 1919 2165 63
1991 2088 2063 2164 ’ῖς
2136 2086 2212 2165 83
2282 2086 2400 2157 802
2460 2086 2577 2165 843

390 2188 2045 2271 V111234383113153213503543653IX
2091 2191 2220 2271 31).

568 2292 677 2357 Sic
726 2314 885 2376 ergo
933 2295 1015 2356 de
1062 2296 1533 2377 compositione
1593 2307 1658 2359 et
1719 2297 2003 2359 editione
2065 2295 2374 2357 librorum
2424 2294 2580 2358 XIII

392 2408 461 2459 et
496 2398 653 2461 ‘XIV
701 2401 1114 2462 statuendum
1161 2410 1353 2481 puto:

568 2502 967 2586 Conscripsit
1013 2505 1200 2567 Mart.
1249 2505 1349 2566 vel
1399 2505 1547 2566 inde
1592 2504 1675 2565 ab
1709 2525 1760 2565 a.
1800 2503 1883 2564 84
1928 2504 2029 2565 vel
2076 2505 2225 2565 inde
2272 2504 2355 2564 ab
2403 2505 2583 2564 annis

395 2627 716 2687 proxume
772 2609 1309 2689 praecedentibus
1366 2629 1568 2689 usque
1624 2609 1708 2670 ad
1773 2629 1827 2668 a.
1894 2617 2241 2669 exeuntem
2310 2607 2438 2668 fere
2498 2606 2582 2669 92

377 2713 616 2800 ,(ευρτει
663 2711 832 2773 enim
882 2713 1059 2774 illum
1107 2715 1448 2775 terminum
1497 2712 1668 2774 nulla
1716 2731 1832 2772 nos
1880 2711 2122 2772 ducunt
2153 2710 2451 2791 vestigia)
2508 2731 2585 2772 ea

394 2836 562 2897 quae
608 2816 671 2877 in
717 2816 836 2877 illis
882 2817 1112 2878 libellis
1158 2819 1566 2880 continentur
1611 2814 1905 2890 disticha,
1965 2814 2286 2895 pauciora·
2317 2813 2585 2874 fortasse

393 2921 732 3001 prioribuS,
781 2921 1246 3002 posterioribus
1292 2922 1477 3003 plura
1500 2924 1916 3002 seposuitque
1964 2918 2026 2979 in
2072 2938 2219 2979 eum
2259 2916 2453 2978 finem
2494 2927 2581 2991 ut,

394 3025 447 3086 si
474 3025 539 3085 in
584 3027 840 3106 copiam
889 3026 1045 3087 satis
1092 3027 1393 3087 idoneam
1441 3025 1885 3110 accrevissent,
1935 3021 2477 3102 complecteretur
2508 3041 2585 3082 ea

395 3128 903 3209 publicaretque.
998 3129 1146 3191 Hoc
1194 3130 1364 3191 enim
1413 3130 1613 3191 modo
1658 3149 1774 3209 per
1819 3127 2064 3208 aliquot
2121 3145 2321 3186 annos
2380 3144 2586 3203 nugas

394 3232 624 3294 saltem
686 3233 831 3294 libri
892 3232 1049 3295 XIII
1110 3253 1248 3294 esse
1312 3243 1485 3295 ortas
1541 3233 1726 3294 facile
1799 3232 1953 3293 mihi
2023 3229 2446 3311 persuaserim
2517 3237 2585 3289 ut

393 3347 592 3418 poeta
646 3347 840 3418 prout
898 3336 1000 3398 vel
1059 3338 1334 3399 misisset
1393 3337 1617 3399 amicis
1678 3356 1941 3398 munera
2003 3333 2428 3398 Saturnalicia
2485 3332 2586 3393 vel

396 3441 753 3521 accepisset
799 3441 952 3521 ipse,
1026 3440 1303 3501 disticho
1363 3440 1585 3502 iocoso
1629 3439 1730 3502 vel
1798 3448 2292 3521 prosequeretur
2360 3431 2589 3498 munus

395 3546 498 3609 vel
545 3556 817 3626 accepto
858 3564 1121 3605 munere
1167 3545 1380 3606 amico
1428 3545 1706 3606 mittenti
1754 3544 1989 3606 talibus
2036 3542 2326 3605 distichis
2372 3552 2587 3622 grates

394 3659 621 3732 ageret
648 3651 799 3728 (vid.
829 3668 1071 3729 quaeso
1095 3668 1193 3729 ep.
1223 3646 1480 3728 XIII43
1507 3649 1579 3729 63
1606 3650 1679 3726 93
1724 3650 1839 3728 113
1890 3647 1996 3727 163
2038 3647 2153 3725 223
2180 3646 2295 3726 293
2322 3646 2587 3726 303313

399 3754 519 3833 383
557 3754 643 3817 42
682 3763 747 3815 et
792 3749 2415 3834 14319323337344348349310331053109
2463 3750 2585 3828 aL).

573 3858 958 3939 Interposita
1017 3876 1156 3919 esse
1217 3856 1454 3918 talibus
1515 3856 1640 3917 alia
1700 3875 1959 3937 quoque
2005 3854 2281 3916 disticha
2327 3874 2585 3915 consen-

400 3974 661 4025 taneum
705 3972 817 4024 est.
890 3961 1116 4043 Epigr.
1155 3970 1371 4023 autem
1412 3960 1519 4022 illa
1558 3959 1723 4021 hanc
1762 3979 1918 4041 prae
1956 3980 2023 4020 se
2062 3958 2272 4020 ferunt
2296 3967 2588 4018 naturam

402 4077 474 4129 ut
504 4066 687 4137 unius
719 4067 864 4127 anni
897 4064 1345 4128 Saturnalibus
1377 4065 1672 4126 universa
1703 4073 1844 4125 orta
1874 4083 2015 4125 esse
2044 4063 2158 4124 vix
2184 4060 2586 4122 crediderim.

579 4168 802 4242 Simile
847 4170 1060 4231 valere
1106 4169 1260 4231 mihi
1306 4169 1562 4231 videtur
1607 4169 1689 4230 de
1738 4167 1941 4228 ultimi
1974 4165 2117 4227 libri
2146 4162 2435 4226 distichis
2484 4162 2592 4236 (de
