3031 4640
410 350 496 414 58

588 525 710 607 Ep.
770 523 925 586 VIII
970 525 1049 597 41
1115 526 1204 605 (in
1261 525 1401 587 hist.
1465 546 1625 588 mor.
1682 548 1790 608 pg.
1842 526 1973 588 III5
2016 525 2147 589 434
2202 537 2268 590 et
2314 529 2380 589 in
2423 529 2523 590 ed.
2574 529 2603 589 I

406 650 522 711 pg.
570 628 658 692 60
701 629 1085 710 typothetae
1131 650 1346 693 errore
1392 628 1552 691 VIII
1579 629 1685 710 44)
1733 641 1799 693 et
1846 631 1918 693 71
1978 629 2427 694 Saturnalibus
2474 632 2602 692 iam

410 734 557 795 anni
619 733 701 795 92
765 734 822 811 (i.
885 753 940 797 e.
1006 732 1304 814 ternpore
1364 734 1506 796 libr.
1564 733 1720 814 VII)
1788 735 2030 816 scripta
2096 756 2136 797 a
2202 745 2400 815 poeta
2457 755 2600 796 esse

410 847 659 901 retenta
689 839 1142 919 sequentisque
1175 838 1320 900 libri
1352 840 1697 919 poematiis
1728 839 2025 901 admixta
2050 838 2331 919 perbene
2356 839 2595 900 Friedl.

410 943 622 1003 docet.
731 941 1042 1003 Adscribi
1111 942 1213 1003 isti
1280 942 1475 1003 velim
1545 943 1832 1023 poemati
1892 963 1992 1023 ep.
2058 942 2142 1005 33
2211 943 2389 1023 quod
2459 943 2603 1023 ipso

411 1047 645 1108 eodem
693 1055 987 1126 tempore
1031 1055 1244 1108 ortum
1291 1066 1433 1107 esse
1489 1047 1554 1108 in
1613 1046 1961 1127 propatulo
2024 1055 2139 1119 est,
2211 1066 2330 1108 nec
2392 1046 2602 1107 minus

408 1170 511 1230 ep.
561 1147 663 1210 IX
709 1149 784 1212 31
852 1150 1029 1230 quod
1090 1170 1311 1211 revera
1372 1171 1592 1212 mense
1640 1151 1768 1213 iam
1815 1151 1948 1213 Ian.
1998 1150 2145 1213 anni
2193 1150 2276 1214 83
2338 1150 2597 1229 (Friedl.

410 1253 555 1314 adn.
587 1253 670 1313 ad
694 1252 799 1331 31)
847 1254 1282 1333 compositum
1329 1273 1468 1316 esse
1515 1255 1789 1330 videtur,
1841 1263 1989 1316 ante
2021 1253 2373 1317 editionem
2407 1254 2606 1335 igitur

412 1356 552 1417 libr.
606 1354 739 1418 VII.
1637 1350 1643 1356 ⁵

588 1458 776 1540 Quae
823 1469 1163 1540 supersunt
1207 1462 1409 1542 epigr.
1459 1462 1587 1524 huc
1633 1463 1996 1543 spectantia
2041 1462 2257 1524 omnia
2318 1461 2381 1522 in
2438 1460 2604 1523 libro

411 1562 545 1625 XII
569 1574 845 1626 exstant.
920 1564 977 1625 E
1003 1565 1235 1645 quibus
1281 1565 1534 1646 singula
1578 1567 1803 1648 paucis
1847 1567 1982 1628 sine
2029 1565 2231 1628 dubio
2262 1566 2391 1627 iam
2423 1566 2606 1626 annis

414 1678 564 1730 ante
632 1669 874 1748 scripta
940 1668 1306 1731 Martialem
1390 1670 1520 1731 iam
1603 1679 1742 1731 turn
1811 1691 1959 1732 cum
2029 1669 2249 1731 Prisco
2316 1668 2605 1730 libellum

412 1772 819 1852 paucissimis
836 1772 1065 1834 diebus
1082 1775 1521 1854 compositum
1546 1775 1830 1837 traderet
1855 1775 2171 1855 recepisse
2196 1775 2601 1850 crediderim,

410 1896 514 1956 ep.
590 1875 740 1937 dico
814 1874 854 1936 6
935 1878 1250 1958 (tempore
1334 1886 1507 1939 certe
1575 1888 1883 1958 protenus
1950 1878 2308 1939 Domitiani
2377 1897 2603 1939 necem

412 1988 719 2060 sequente
766 1980 1136 2060 scriptum)3
1187 1981 1260 2043 11
1315 1983 1391 2059 (a.
1440 1981 1543 2043 vel
1590 1983 1732 2062 ipso
1764 1982 1845 2045 97
1894 1981 1995 2044 vel
2042 1981 2216 2043 haud
2262 1982 2352 2045 ita
2398 1981 2605 2044 multo

411 2092 561 2145 ante
608 2085 879 2164 ortum)3
944 2083 1057 2163 153
1118 2083 1202 2146 48
1269 2086 1490 2163 (Dom.
1557 2095 1628 2146 ut
1681 2086 1939 2148 videtur
1982 2086 2386 2168 temporibus
2433 2106 2604 2148 com-

409 2274 673 2343 qesimum
711 2274 945 2329 alterum
983 2290 1150 2343 ayeus
1188 2273 1391 2340 (Mart.
1453 2273 1569 2328 VII
1597 2277 1681 2341 40,
1722 2274 1793 2342 6),
1835 2280 1964 2329 aute
1998 2277 2216 2342 septimi
2252 2276 2430 2331 Mart.
2467 2275 2601 2330 libri

370 2398 375 2404 -
413 2359 722 2427 editionem,
780 2362 876 2429 qui
923 2360 1058 2414 liber
1093 2362 1213 2414 sine
1249 2362 1415 2415 dubio
1451 2378 1631 2414 meuse
1665 2360 1798 2414 Dee.
1838 2379 1889 2414 a.
1928 2365 1998 2416 92
2036 2362 2214 2417 editus
2251 2369 2329 2416 est
2367 2362 2600 2427 (Friedl.

407 2464 501 2516 pq.
537 2446 697 2514 432),·
750 2447 879 2500 iude
931 2449 1195 2514 sequitur,
1244 2454 1308 2501 ut
1343 2439 1621 2502 Etruscus
1669 2464 1713 2500 a.
1753 2451 1821 2504 20
1869 2454 2041 2502 uatus
2088 2450 2163 2502 sit
2172 2468 2193 2515 ,·
2246 2467 2368 2503 cum
2417 2455 2604 2503 autem

416 2535 715 2602 sexaqiuta
754 2539 1019 2602 quattuor
1056 2552 1333 2588 annorum
1368 2551 1532 2588 senem
1581 2535 1724 2599 (silv.
1764 2534 1876 2586 III
1904 2539 1954 2599 3,
1997 2537 2121 2598 146)
2176 2551 2328 2588 anuo
2363 2538 2432 2591 84
2478 2535 2595 2601 fere

411 2621 477 2672 in
533 2621 786 2674 eoesilium
858 2621 1056 2673 missus
1108 2627 1231 2687 post
1286 2627 1619 2674 autumnum
1674 2622 1817 2673 anui
1869 2624 1937 2676 89
1991 2623 2373 2676 restitueretur
2439 2623 2603 2689 (quia

416 2707 693 2759 restitutio
728 2710 866 2760 sexti
904 2707 1197 2761 Martialis
1234 2708 1365 2761 libri
1400 2710 1643 2760 carmin-e
1678 2710 1747 2761 83
1784 2708 2103 2774 celebratur,
2144 2710 2372 2778 quintus
2407 2715 2597 2763 autem

421 2791 557 2845 liber
595 2798 865 2846 autumno
902 2811 953 2845 a.
992 2795 1062 2849 89
1096 2793 1348 2859 prodiit),
1398 2811 1728 2863 consequens
1776 2801 1856 2848 est
1892 2798 2132 2865 quinque
2167 2797 2384 2851 circiter
2420 2813 2602 2850 annos

411 2895 535 2931 eum
570 2880 633 2931 iu
667 2880 861 2933 exsilio
894 2879 1069 2945 fuisse
1104 2895 1154 2946 q.
1177 2895 1218 2932 S.
1275 2878 1419 2943 Quae
1457 2878 1785 2946 computatio
1817 2895 2035 2946 prorsus
2053 2879 2186 2935 falsa
2202 2885 2301 2935 est.
2357 2881 2604 2934 Primum

410 2980 441 3014 e
477 2962 630 3017 Mart.
667 2980 749 3031 ep.
789 2963 891 3017 VII
929 2965 1034 3022 40⁶
1071 2966 1317 3033 sequitur
1351 2966 1641 3018 Etruscum
1677 2981 1783 3018 non
1815 2972 1882 3023 72
1903 2967 1998 3019 sed
2017 2972 2085 3026 90
2121 2955 2320 3022 annum
2355 2971 2602 3036 agentem

411 3049 740 3116 decessisse3
777 3052 917 3118 apud
954 3050 1105 3104 Mart.
1144 3053 1289 3105 enim
1323 3052 1356 3104 l.
1396 3069 1440 3105 c.
1464 3052 1812 3120 Olympiadas
1850 3054 2155 3122 quinque
2191 3072 2450 3110 annorum
2484 3071 2606 3109 esse

413 3135 587 3202 spatia
632 3139 774 3188 reete
820 3137 1068 3190 admonet
1102 3136 1297 3193 Friedl.
1335 3138 1453 3196 adn,
1490 3139 1556 3191 ad
1593 3137 1674 3190 IV
1707 3139 1840 3196 45⁸:
1897 3142 2057 3193 natus
2113 3141 2281 3209 igitur
2328 3144 2439 3194 erat
2493 3140 2606 3193 Etr.

412 3238 518 3274 non
553 3239 688 3276 anno
727 3240 775 3290 p.
798 3222 919 3276 Chr.
956 3229 1026 3280 20
1062 3225 1154 3277 sed
1192 3242 1237 3277 a.
1275 3229 1323 3280 2.
1378 3225 1492 3278 Nee
1529 3227 1613 3279 est
1649 3228 1710 3277 ut
1745 3243 1898 3293 porro
1917 3225 1982 3279 K.
2022 3229 2294 3295 computat
2330 3234 2398 3285 64
2433 3245 2604 3282 annos

411 3312 569 3362 natus
616 3309 675 3361 in
723 3309 952 3363 exilium
1000 3311 1201 3364 missus
1251 3312 1346 3363 sed
1392 3328 1530 3365 anno
1578 3312 1771 3365 aetatis
1820 3318 1888 3370 80
1938 3317 2176 3381 peraeto:
2234 3314 2404 3368 Statio
2452 3316 2597 3367 enim

410 3396 495 3448 III
531 3401 562 3453 3
600 3395 666 3427 ¹⁴⁶
702 3395 871 3450 lustra
920 3397 1180 3465 (absolute
1218 3397 1387 3462 dicta3
1443 3398 1596 3451 addit
1644 3400 1690 3452 si
1730 3400 2141 3467 quadriennium
2190 3400 2432 3470 intellegi
2482 3401 2604 3454 vult

414 3500 601 3536 vocem
618 3483 726 3537 huo
746 3484 1090 3550 spectantem,
1128 3484 1299 3538 veluti
1318 3486 1464 3539 Elea
1488 3487 1700 3541 lustra:
1739 3486 1862 3539 silv.
1883 3486 1990 3544 116
2012 3486 2074 3556 ⁷²)
2112 3503 2218 3541 non
2255 3487 2436 3541 minus
2479 3491 2612 3540 sunt

412 3569 779 3637 quinquennia
814 3569 1004 3639 (orm
1028 3575 1059 3626 5
1082 3571 1128 3636 ⁷3
1165 3570 1483 3641 1V2⁶2a1.)‚
1522 3590 1566 3625 a.
1606 3573 1775 3640 igitur
1810 3578 1876 3630 82
1914 3573 2041 3627 exul
2079 3577 2163 3626 est
2197 3575 2399 3640 faetu83
2437 3590 2605 3627 annos

412 3657 660 3725 denique,
697 3674 823 3711 eum
857 3672 901 3711 a.
939 3659 1045 3711 fere
1065 3662 1133 3716 90
1170 3657 1263 3725 (M.
1283 3658 1457 3726 ep.Vl
1483 3660 1570 3726 83)
1609 3662 1962 3726 revocaretur,
1999 3676 2104 3713 non
2143 3659 2344 3716 5sed8
2381 3659 2601 3713 circiter

410 3744 468 3796 in
516 3743 681 3798 exilio
728 3748 973 3798 versatus
1021 3747 1147 3798 erat.
1218 3745 1389 3798 Visne
1438 3745 1798 3799 demonstrem
1845 3744 1946 3797 tibi
2015 3747 2214 3798 rectam
2262 3761 2433 3798 meam
2484 3761 2604 3799 esse

413 3831 905 3898 computationem?
995 3832 1053 3885 Si
1091 3846 1259 3885 senex
1294 3837 1363 3890 90
1399 3848 1658 3886 annorum
1696 3832 1939 3884 mortuus
1976 3837 2061 3883 est
2097 3829 2228 3898 Etr.‚
2277 3849 2322 3884 a.
2373 3848 2500 3886 vero
2538 3837 2607 3890 80

414 3920 573 3969 natus
609 3918 665 3969 in
703 3916 933 3970 exilium
969 3918 1192 3982 missus,
1226 3918 1486 3972 interesse
1527 3917 1684 3971 vides
1726 3922 1791 3974 10
1827 3932 2088 3969 annorum
2126 3917 2377 3984 spatium.
2451 3920 2607 3971 Anno

411 4020 537 4057 eum
573 4009 641 4062 90
679 4004 858 4072 (temp.
897 4004 1016 4057 libr.
1055 4003 1211 4059 Mart.
1252 4004 1348 4073 VI)
1386 4006 1726 4058 revocaretur
1760 4018 2035 4070 annosque
2073 4008 2106 4061 2
2146 4006 2267 4071 post
2303 4004 2372 4072 (a.
2393 4008 2461 4062 92
2497 4005 2612 4056 i.e.

413 4092 649 4155 tempore
702 4089 820 4142 libr.
859 4090 989 4157 Vll)
1055 4090 1286 4144 animam
1351 4090 1550 4156 ederet,
1604 4090 1720 4142 fieri
1775 4104 1880 4141 non
1935 4090 2113 4155 potest
2167 4090 2300 4157 quin
2355 4095 2389 4148 8
2441 4106 2608 4144 annos

412 4177 673 4227 restantes
711 4175 767 4227 in
804 4175 971 4228 exilio
1008 4176 1188 4228 fuerit.
