3031 4640
2581 352 2657 414 15

647 527 770 609 Ep.
819 527 901 590 28
948 528 1032 589 ad
1079 513 1304 589 Titum
1361 535 1613 589 tantum
1672 524 1884 587 referri
1944 544 2134 605 posse
2180 523 2418 587 Friedl.
2483 535 2659 588 recte

469 631 633 693 vidit
679 632 844 710 (hist.
894 652 1051 694 mor.
1081 630 1213 693 111⁵
1255 629 1562 713 pg.425).
1647 627 2067 692 Concluserat
2113 628 2237 690 hoc
2285 650 2320 691 e
2366 650 2551 692 versu
2598 632 2652 704 1,

472 736 643 797 unde
712 735 852 797 luce
922 734 1154 798 clarius
1222 744 1494 816 apparet
1575 742 1860 796 veterem
1931 733 2380 795 naumachiam
2451 732 2653 813 (Suet.

471 839 602 902 Tit.
631 840 706 917 ’ῖς
753 841 886 903 Dio
933 839 1060 901 Tit.
1090 839 1201 921 25)
1247 837 1748 919 intellegendam
1795 856 1950 897 esse.
2024 836 2439 899 Domitianus
2484 839 2654 901 enim

471 941 740 1004 testibus
790 942 965 1005 Suet.
1032 963 1085 1004 e.
1135 942 1179 1005 4
1235 952 1301 1004 et
1354 939 1396 1005 5
1458 952 1526 1003 et
1569 941 1784 1004 Dione
1830 939 2084 1002 LXVII
2130 939 2168 1003 8
2233 962 2467 1005 novam
2528 943 2656 1005 alio

469 1045 617 1108 loco
665 1046 1111 1109 naumachiam
1159 1045 1354 1108 effodi
1402 1044 1599 1107 iussit.
1645 1081 1727 1090 —-
1761 1043 2048 1106 Accedit
2094 1044 2218 1106 huc
2266 1046 2440 1126 quod
2489 1066 2656 1126 quae

469 1149 760 1211 versibus
807 1159 1399 1212 commemorantur
1444 1147 1615 1211 3-—6

1436 1303 1447 1314 .
1518 1251 1690 1314 Vidit
1729 1254 1795 1313 in
1842 1253 2031 1314 undis

781 1357 871 1418 Et
922 1355 1135 1431 leelzlr
1180 1358 1523 1437 ignotas
1569 1348 1949 1418 etsGalatea
1975 1357 2252 1435 feras,

695 1459 867 1522 Vidit
905 1462 971 1522 in
1016 1483 1324 1542 aequoreo
1348 1462 1687 1542 ferventes
1719 1458 1997 1539 pulvere
2040 1480 2275 1520 currus

777 1563 866 1626 Et
905 1566 1148 1628 domini
1200 1565 1418 1651 Triton
1465 1565 1593 1626 isse
1625 1563 1886 1643 putavit
1926 1584 1960 1623 e
1974 1584 2012 1643 q
2029 1584 2070 1624 u
2086 1584 2120 1625 0
2135 1584 2168 1625 s
2214 1599 2298 1606 --

470 1674 737 1747 optume
805 1670 1127 1750 quadrant
1194 1671 1279 1732 ad
1347 1690 1424 1731 ea
1493 1687 1660 1749 quae
1730 1667 1863 1729 Dio
1925 1666 2148 1728 LXVI
2206 1666 2290 1730 25
2357 1668 2439 1729 de
2500 1668 2656 1731 Tito

470 1769 689 1832 refert:
761 1770 825 1833 τό
873 1771 985 1856 γὰρ
1034 1772 1279 1857 θέατρον
1328 1770 1468 1836 αὐτὸ
1519 1770 1703 1833 ἐκεῖνο
1753 1765 1960 1841 ὕδατος
2017 1767 2287 1854 ἐξαίφνης
2325 1770 2653 1856 πληρώσας,

468 1871 740 1957 εἰςήγαγε
787 1873 891 1958 μὲν
946 1874 1046 1939 καὶ
1099 1875 1315 1965 ἵππους
1370 1872 1470 1939 καὶ
1517 1869 1781 1959 ,ταύρους
1826 1870 1927 1935 καὶ
1972 1867 2127 1936 ἄλλα
2171 1874 2297 1937 τινα
2342 1874 2654 1960 χειροήθη,

466 1978 855 2062 δεδιδαγμένοι
901 1978 1073 2044 πάνθ’
1126 1977 1238 2044 ὅσα
1270 1977 1365 2044 ἐπὶ
1396 1984 1498 2061 τῆς
1530 1983 1654 2063 γῆς,
1701 1977 1969 2063 πράττειν
2015 1974 2114 2041 καὶ
2164 1980 2225 2042 ἐν
2261 1984 2344 2064 τῷ
2363 1977 2519 2065 ὑγρῷ
2534 1985 2652 2044 κτλ.

645 2081 800 2146 Alia
847 2085 1048 2166 epigr.
1101 2107 1267 2168 quae
1314 2086 1468 2147 satis
1513 2093 1687 2146 certe
1733 2085 1816 2146 ad
1856 2083 2081 2145 Titum
2127 2083 2340 2146 referri
2386 2097 2657 2166 possunt

467 2206 597 2247 non
640 2197 802 2267 puto
851 2190 1193 2251 inveneris:
1265 2190 1349 2251 ad
1412 2188 1860 2251 Domitianum
1919 2187 2279 2269 compluria
2336 2190 2655 2270 pertinere

463 2293 862 2373 argumentis
906 2292 1294 2356 firmioribus
1340 2292 1601 2376 probari
1648 2301 1880 2374 potest.
1955 2291 2194 2355 Friedl.
2231 2295 2295 2356 in
2320 2293 2462 2356 hist.
2490 2314 2647 2357 mor.

466 2394 599 2457 111⁵
656 2417 765 2478 pg.
828 2396 960 2461 426
1036 2419 1232 2461 unum
1294 2398 1523 2460 saltem
1580 2397 1714 2459 sine
1775 2396 1976 2459 dubio
2035 2398 2394 2460 Domitiani
2457 2401 2652 2462 aetati

464 2500 838 2563 addixerat:
889 2523 987 2583 ep.
1030 2502 1133 2577 22,
1184 2503 1291 2564 ubi
1340 2501 1762 2564 rhinocerotis
1808 2499 2077 2581 duplum
2125 2522 2324 2564 cornu
2371 2505 2652 2583 gerentis

467 2605 709 2666 mentio
755 2604 846 2680 fit,
909 2626 1075 2687 quae
1135 2606 1327 2668 belua
1386 2606 1450 2668 in
1497 2625 1764 2667 nummo
1812 2605 2169 2667 Domitiani
2214 2615 2509 2686 tempore
2568 2643 2652 2650 -

465 2728 597 2789 quo
642 2729 812 2771 anno
858 2710 1180 2772 nescimus
1239 2747 1324 2755 —
1384 2730 1542 2772 cuso
1599 2729 1907 2790 expressa
1966 2718 2065 2771 est
2117 2709 2195 2771 cf.
2247 2710 2454 2771 Eckh.
2505 2711 2542 2772 1.
2595 2732 2648 2773 c.

462 2832 572 2892 pg.
622 2811 787 2891 3933
851 2814 977 2876 alia
1021 2814 1219 2876 veluti
1267 2835 1367 2896 ep.
1417 2813 1502 2877 20
1549 2813 1694 2876 coll.
1745 2833 1892 2875 cum
1941 2833 2039 2894 ep.
2092 2813 2218 2874 XII
2240 2812 2398 2892 29⁷3
2453 2813 2530 2877 18
2569 2834 2580 2876 :
2625 2816 2651 2876 I

469 2915 628 2994 1043
697 2916 782 2980 25
818 2936 830 2978 ;
867 2909 1027 2980 XIV
1082 2917 1240 2996 1813
1309 2918 1348 2981 9
1385 2937 1396 2979 :
1433 2917 1596 2979 XIV
1642 2916 1726 2980 53
1750 2914 1824 2995 ¹4)
1884 2916 2099 2978 valere
2159 2919 2504 2998 quicquam
2567 2920 2650 2981 ad

639 3139 707 3209 14)
744 3140 827 3194 Ne
864 3139 960 3193 tali
999 3140 1332 3208 singularum
1369 3139 1755 3193 sententiarum
1792 3138 2142 3191 consensione
2181 3138 2367 3192 confisi
2405 3139 2461 3191 in
2492 3140 2651 3198 devia

468 3225 794 3281 deducamur
829 3242 1114 3279 caveamus
1152 3229 1372 3294 oportet.
1446 3224 1744 3279 Martialem
1778 3225 1922 3277 enim
1971 3225 2186 3292 saepius
2231 3240 2392 3278 voees
2437 3226 2651 3280 easdem

466 3311 743 3366 similesvo
794 3312 1024 3380 proferre
1072 3313 1341 3366 neminem
1390 3312 1485 3381 qui
1533 3311 1930 3380 epigrammatis
1978 3326 2188 3378 operam
2243 3310 2449 3364 dederit
2482 3312 2651 3381 fugiet

466 3399 737 3467 simulque
787 3399 943 3452 facile
989 3398 1268 3469 intelleget
1320 3400 1378 3452 in
1423 3397 1823 3467 epigrammatis
1879 3413 2089 3464 quoque
2141 3395 2299 3465 longo
2351 3399 2650 3466 temporum

461 3484 746 3539 intervallo
801 3485 1103 3542 disiunctis
1148 3485 1276 3539 talia
1328 3486 1471 3540 haud
1539 3485 1615 3537 ita
1675 3500 1791 3537 raro
1853 3482 2106 3538 inveniri.
2198 3483 2450 3552 Singulos
2501 3484 2650 3540 locos

463 3572 862 3626 consentientes
899 3572 957 3625 in
996 3588 1131 3641 quos
1168 3573 1373 3627 incurri
1409 3588 1536 3626 eum
1570 3571 1772 3623 interea
1819 3569 1928 3622 iam
1964 3569 2212 3625 aFriedl.
2251 3571 2309 3622 in
2346 3571 2464 3623 adn.
2503 3571 2647 3626 allati

464 3656 575 3710 sint
617 3675 724 3712 non
770 3660 855 3712 est
902 3675 1000 3712 cur
1035 3659 1281 3715 adiciam.
1354 3658 1531 3721 Facile
1579 3658 1805 3725 possunt
1851 3656 2060 3724 augeri:
2112 3656 2179 3711 cf.
2217 3657 2244 3709 I
2285 3661 2411 3714 108:
2460 3656 2518 3710 X
2554 3664 2648 3725 96;

462 3740 541 3794 IV
577 3745 699 3801 82⁴:
737 3744 795 3798 X
832 3745 958 3812 6423
995 3744 1079 3798 IX
1113 3745 1245 3803 43⁵:
1284 3744 1420 3799 XIV
1456 3750 1554 3811 933
1591 3743 1725 3796 VIII
1765 3742 1893 3800 56⁴:
1942 3741 1998 3795 X
2035 3742 2138 3801 64⁴
2173 3741 2237 3795 al.
2269 3742 2648 3798 ——Kehreinio

462 3828 568 3883 iam
604 3833 757 3884 antea
794 3830 829 3886 l.
869 3848 913 3886 c.
949 3848 1037 3900 pg.
1078 3836 1179 3889 547
1216 3832 1399 3886 visum
1435 3834 1549 3885 erat
1584 3848 1612 3883 e
1648 3845 1829 3898 nuper
1863 3828 1956 3883 illo
1992 3828 2126 3882 XIV
2165 3834 2233 3886 53
2285 3829 2441 3884 facile
2476 3831 2646 3899 repeti

460 3931 617 3982 posse
654 3934 866 3971 carmen
901 3918 1070 3987 epigr.
1106 3917 1200 3972 lib.
1238 3918 1377 3972 illud
1414 3923 1445 3976 9
1482 3918 1668 3972 eodem
1704 3918 1811 3969 fere
1863 3917 2098 3983 tempore
2135 3917 2493 3984 compositum
2529 3932 2647 3970 esse

462 4016 566 4070 quo
602 4002 740 4057 liber
768 4003 922 4072 XIV,
960 4006 1195 4072 tempore
1231 4005 1400 4073 igitur
1436 4004 1653 4058 circiter
1687 4002 1812 4056 libri
1851 4002 2024 4056 ootavi
2062 4001 2275 4059 nenive.
2343 4002 2445 4055 Sed
2481 4003 2647 4056 nimis

458 4091 542 4141 est
577 4089 752 4143 debile
787 4092 947 4159 atque
983 4090 1250 4144 incertum
1287 4090 1395 4145 tale
1434 4090 1824 4157 argumentum.
