3031 4640
2435 355 2513 417 21

325 565 415 575 -—
495 529 791 610 quamvis
874 529 1180 610 perpauci
1266 530 1599 610 hucusque
1678 529 1913 611 reperti
1995 530 2121 591 sint
2205 566 2287 576 —-
2363 530 2521 591 satis

332 633 623 696 dilucide
670 642 960 714 apparet,
1012 642 1307 714 tempore
1353 633 1528 696 haud
1575 635 1665 695 ita
1710 635 1911 714 longo
1954 632 2056 695 vel
2101 632 2525 696 liberarentur

328 737 730 819 gladiatores
774 737 874 799 vel
922 738 1402 801 occumberent.
1423 737 1498 817 28)

506 841 765 903 Deinde
835 841 968 903 duo
1035 843 1282 924 priores
1329 823 1570 905 'versus
1640 851 1778 904 tum
1861 861 2119 903 sensum
2202 841 2520 922 praebent

326 946 653 1027 optimum
713 945 765 1007 si
829 965 976 1007 cum
1041 945 1216 1008 Suet.
1278 948 1493 1009 verbis
1550 945 1772 1028 (Dom.
1839 965 1895 1007 e.
1958 946 2021 1023 4)
2085 944 2516 1007 conferuntur.

328 1049 428 1111 Ibi
490 1050 662 1110 enim
712 1046 888 1111 Suet.
957 1059 1173 1112 narrat
1218 1051 1670 1113 Domitianum
1733 1050 2089 1131 quaestoris
2149 1049 2521 1110 muneribus

313 1153 556 1234 populo
584 1162 960 1233 potestatem
989 1155 1235 1234 fecisse
1279 1155 1429 1217 bina
1460 1155 1672 1235 paria
1718 1177 1752 1215 e
1795 1176 1908 1216 suo
1939 1153 2087 1215 ludo
2103 1153 2484 1233 postulandi
2497 1174 2519 1219 ,-

326 1277 530 1339 quare
593 1257 795 1338 epigr.
861 1256 1019 1318 illud
1080 1258 1172 1318 sic
1233 1260 1284 1321 si
1362 1279 1584 1320 verum
1657 1259 1852 1320 video
1921 1256 2513 1338 interpretabimur:

331 1362 397 1423 in
440 1362 691 1442 parium
740 1359 994 1422 illorum
1051 1361 1366 1424 electione
1412 1382 1561 1424 cum
1608 1382 1644 1423 e
1677 1360 2147 1443 gladiatoribus
2178 1381 2216 1422 a
2242 1358 2519 1422 Caesare

332 1465 577 1546 populo
622 1463 1122 1527 concessis'tres
1167 1466 1294 1527 iam
1344 1466 1514 1546 iique
1562 1465 2018 1546 spectatissimi
2051 1466 2338 1529 omnium
2372 1484 2517 1525 con-

332 1589 519 1631 sensu
564 1570 750 1631 electi
798 1577 1028 1642 essent,
1079 1569 1161 1630 de
1208 1579 1441 1651 quarto
1486 1590 1643 1631 vero
1689 1570 2095 1631 adsumendo
2140 1589 2291 1631 cum
2325 1567 2515 1631 alteri

332 1674 497 1755 parti
531 1674 821 1754 Myrinus
868 1673 1125 1753 dignior
1167 1675 1493 1738 videretur
1540 1674 1648 1754 qui
1697 1682 2131 1754 cooptaretur,
2183 1671 2268 1732 ab
2315 1670 2517 1733 altera

329 1798 485 1840 vero
528 1787 712 1858 parte
759 1777 1156 1858 Triumphus
1200 1777 1646 1858 praeferretur,
1697 1778 2035 1839 consensio
2081 1775 2247 1838 effici
2296 1785 2520 1857 posset

324 1881 520 1956 nulla,
557 1879 814 1955 Caesar,
866 1890 935 1943 ut
980 1881 1159 1943 litem
1206 1881 1379 1943 illam
1413 1891 1713 1943 exortam
1746 1889 2170 1962 componeret
2197 1879 2518 1960 simulque

327 1994 587 2066 gratum
621 1984 867 2066 populo
912 1985 1245 2048 altercanti
1292 1985 1549 2060 faceret,
1600 1995 1943 2066 utrumque
1991 1983 2515 2046 dissentientibus

327 2089 671 2163 concessit,
722 2090 812 2150 ita
860 2098 929 2150 ut
963 2090 1144 2150 ——id
1191 2091 1370 2170 quod
1414 2109 1727 2171 persaepe
1774 2089 2061 2150 evenisse
2106 2088 2381 2161 videtur,
2432 2086 2511 2148 cf.

329 2193 386 2254 F
393 2193 574 2254 riedl.
602 2193 662 2254 h.
693 2213 775 2254 m.
803 2192 908 2254 11⁵
930 2213 1038 2274 pg.
1069 2192 1195 2255 346
1229 2230 1312 2239 —-
1344 2194 1506 2255 alter
1531 2194 1593 2255 in
1618 2193 1833 2255 locum
1860 2192 1995 2254 eius
2020 2192 2126 2273 qui
2153 2211 2188 2251 e
2212 2200 2518 2272 quattuor

509 2400 572 2469 ²2⁵⁵)
611 2398 719 2465 Qui
757 2399 905 2453 tituli
943 2400 1073 2453 certi
1112 2400 1321 2467 aliquid
1358 2400 1447 2452 vel
1483 2400 1548 2452 de
1586 2400 1774 2453 mortis
1823 2416 1959 2452 anno
2009 2398 2096 2451 vel
2144 2398 2209 2451 de
2259 2398 2516 2450 missione

324 2488 610 2542 continent
642 2487 701 2539 hi
739 2488 847 2540 fere
883 2489 1037 2540 sunt:

401 2573 532 2628 CIL.
569 2573 663 2626 VI.
702 2590 922 2627 nomen:
1066 2574 1354 2641 pugnavit:
1444 2573 1702 2626 liberatus
1720 2577 1805 2626 est
1842 2572 1977 2625 obiit
1994 2587 2160 2624 annos
2198 2572 2323 2625 ordo
2343 2570 2480 2636 glad.

1528 2675 1732 2727 pugna:
1914 2659 2100 2711 natus:

1060 2746 1801 2781 h—st*

328 2800 621 2858 Nr.10184
656 2799 987 2853 Acacinthus
1092 2799 1350 2852 undecies
1597 2828 1665 2838 —
1966 2802 2034 2853 34
2199 2795 2465 2848 retiarius.

472 2917 538 2925 —
557 2893 625 2944 85
661 2886 768 2939 Jul.
830 2885 983 2939 Bale-
1162 2916 1229 2925 -—
1598 2915 1664 2921 —
1963 2889 2031 2940 20
2203 2881 2468 2934 retiarius.

740 2973 924 3026 rianus

471 3064 624 3116 -89
660 3058 924 3112 Incitatus
1026 3058 1205 3111 sexies
1243 3058 1421 3110 decies
1600 3088 1668 3096 —
1965 3061 2031 3111 27
2220 3057 2447 3107 secutor.

472 3176 537 3185 —
558 3151 627 3203 94
640 3147 685 3176 ¹⁰
720 3145 956 3198 Fimbria
1165 3174 1232 3181 —
1565 3160 1703 3197 nona
1967 3172 2032 3178 —
2313 3171 2379 3178 ——

469 3238 625 3289 —95
663 3232 860 3285 Anton.
1026 3230 1194 3283 octies
1243 3228 1422 3282 decies
1599 3260 1667 3267 —
1949 3227 2055 3295 (38)
2193 3227 2471 3295 (veteran.)

716 3318 885 3386 Niger

472 3435 539 3443 —
561 3410 627 3462 96
664 3404 985 3472 Apollonius
1167 3431 1234 3440 —
1561 3403 1713 3455 sexta
1966 3431 2034 3452 -.-
2192 3400 2329 3469 glad.
2360 3417 2484 3453 cum

736 3490 939 3544 Thmex
2155 3487 2520 3555 seutoetglad.

470 3608 538 3616 -
559 3583 633 3634 97>
666 3577 884 3631 Macedo
1168 3605 1234 3613 —
1601 3604 1671 3612 —-
1873 3589 1918 3629 a.
1956 3578 2025 3630 20
2059 3589 2129 3624 m.
2313 3604 2380 3611 --

733 3663 939 3717 Thraex
1895 3667 1927 3715 9
1965 3659 2014 3711 d.
2056 3664 2118 3716 12

459 3755 628 3809 10200
664 3749 957 3803 Poetellius
1168 3778 1234 3785 ——
1602 3776 1669 3784 —
1951 3745 2057 3814 (42)
2217 3746 2468 3815 danista).

729 3836 899 3905 Syrus

473 3951 538 3959 -
560 3928 661 3980 203
700 3922 960 3975 Martialis
1168 3952 1234 3960 —-
1498 3920 1758 3972 vicesima
1965 3947 2039 3957 —-·
2316 3949 2384 3957 -—

1581 4023 1686 4059 una

470 4124 540 4133 —
560 4100 662 4151 216
701 4096 931 4149 Severus
1166 4124 1233 4133 —
1547 4092 1734 4160 quinta
1969 4121 2036 4128 —
2318 4119 2385 4128 ——
